4012 5370
233 475 305 543 550
799 453 1217 529 VESPASIANV-S.

233 628 399 691 adfectum
420 624 593 709 profitetur
610 622 760 708 publioc;
785 638 817 688 st
832 625 919 688 hunc
937 646 972 688 se
1031 624 1094 685 fuit
1123 624 1225 687 caesis
1254 623 1378 707 aliquot
1404 624 1601 691 ludaeorum
1622 630 1774 708 millibus,

231 731 328 793 etiam
354 729 520 812 professus
543 740 595 789 est
616 727 796 789 securitatis
820 728 973 811 propriae
1032 741 1066 787 et
1087 726 1161 808 pius
1184 726 1315 808 triginta
1349 728 1491 789 miiiibus
1512 731 1634 812 captis,
1668 749 1704 797 et
1721 754 1775 799 re·

231 854 343 908 causa,
374 831 525 915 quoniam
554 829 655 891 tutior
676 842 734 891 -est
763 829 827 892 vita
855 829 975 912 princi·
1030 828 1200 890 numdatis.
1242 827 1446 911 Opportune
1474 830 1516 893 ad
1544 832 1633 896 istud
1661 834 1777 899 coniit-

232 936 301 1018 pis,
326 954 390 1017 qno
407 930 555 1015 pluribus
573 931 723 993 subsidiis
741 930 862 993 nititur.
897 932 972 1021 Quo
1030 930 1181 991 mnndum
1206 933 1351 993 occurrit
1372 955 1487 996 numus
1518 937 1563 995 Μ.
1579 938 1709 1001 Aurelii
1738 938 1777 1000 si·

229 1037 325 1098 nixus
341 1033 551 1097 fundamento
569 1035 661 1094 Titus
686 1046 811 1116 patrem
837 1035 976 1116 placarit
1033 1048 1147 1115 gnatus
1183 1033 1267 1115 apud
1300 1033 1426 1096 Gadara
1458 1037 1668 1119 Decapoleos
1700 1038 1774 1103 hnic

229 1137 417 1200 Domitiano
431 1149 568 1218 propter
583 1147 696 1216 aperta
714 1135 798 1198 vitae
816 1135 974 1198 scelestae
1032 1134 1116 1196 lacui
1133 1135 1253 1207 vicina,
1280 1134 1313 1193 in
1331 1136 1422 1216 cujus
1439 1156 1553 1200 aversa
1574 1153 1641 1202 est:
1664 1135 1776 1203 NAT-

232 1252 423 1323 argumcnta
436 1236 615 1298 infensum:
640 1257 703 1296 non
721 1239 884 1317 legiones,
910 1260 975 1298 non
1030 1232 1120 1298 MA.
1134 1231 1417 1313 thicmart,
1442 1251 1517 1319 typo
1537 1244 1774 1304 inremissam

229 1343 354 1401 classes
372 1341 507 1420 perinde
518 1336 624 1420 firma
647 1340 778 1417 imperii
796 1341 976 1399 mum'mcn·
1032 1339 1154 1398 multis,
1165 1338 1415 1417 remigantibus.
1438 1338 1614 1419 (Pelierin
1627 1343 1709 1417 test.
1723 1343 1774 1423 ll.)

228 1455 280 1517 ta,
303 1459 401 1520 quom
417 1458 588 1499 nurnerum
601 1438 836 1518 liberorum-⁸).
1029 1436 1220 1522 Verisimile
1242 1432 1409 1512 omnino,
1446 1437 1657 1507 Gadarenses
1677 1443 1775 1506 Grae·

482 1584 507 1622 ,ι
589 1536 611 1574 ¹¹⁵
694 1583 713 1619 ¹
1029 1537 1233 1619 cesinejus
1256 1539 1373 1620 praelii
1395 1543 1603 1620 memoriam,
1631 1566 1699 1628 quo
1721 1566 1773 1609 ee·

359 1640 415 1702 ¹Vt
433 1640 485 1701 lic.
504 1639 539 1698 B.
1028 1659 1099 1698 rum
1119 1638 1207 1701 lacus
1229 1660 1330 1724 usque
1351 1662 1392 1704 eo
1410 1644 1600 1709 nobilitatus
1614 1659 1772 1725 ennean

226 1739 450 1812 VICTORIA.
477 1739 678 1808 Nsvsms.
702 1740 737 1804 S.
757 1741 792 1807 C.
818 1743 972 1807 Victoris
1023 1734 1280 1827 ¹NA'I‘MAXsns
1310 1743 1423 1805 annuis
1455 1745 1610 1809 ludorum
1633 1748 1772 1813 solenni·

224 1866 342 1928 prorae
356 1843 451 1904 navis
464 1844 621 1903 insistens
637 1844 668 1904 d.
686 1844 846 1920 laureum,
862 1867 886 1904 s.
897 1845 971 1926 pnl-
1027 1840 1087 1903 bus
1097 1842 1294 1920 celebrasse,
1310 1858 1344 1905 et
1358 1845 1390 1905 in
1407 1848 1513 1909 numis
1527 1849 1609 1931 ipsis
1619 1850 1770 1936 signasse.

217 1954 299 2006 'snas
317 1964 455 2005 rostrum.
477 1942 547 2006 ΑΕ.
564 1945 604 2006 11.
622 1944 720 2022 (Mus.
737 1942 844 2019 Caes.)
1027 1942 1068 2005 de
1099 1965 1163 2027 quo
1193 1944 1267 2009 ride
1293 1946 1387 2027 plura
1416 1949 1492 2014 Vol.
1513 1952 1570 2014 111.
1602 1952 1638 2014 in
1667 1954 1769 2016 numia

289 2044 409 2105 Mirum
426 2065 513 2120 sane,
530 2059 601 2126 post
616 2045 967 2125 rictosCartbaginicn-
1026 2045 1119 2127 hujus
1143 2045 1240 2107 urbis.
1286 2047 1377 2109 Hanc
1400 2071 1418 2109 a
1440 2051 1642 2134 Vespasiano
1674 2059 1770 2121 victo·

226 2167 296 2223 ses,
327 2148 462 2230 piratas,
492 2166 607 2229 reges,
637 2147 691 2228 qui
720 2160 767 2206 tot
789 2147 965 2228 triumpho·
1025 2146 1104 2207 riam
1128 2160 1268 2223 mature,
1291 2167 1328 2210 ac
1350 2149 1546 2215 rivoatlbuc
1567 2156 1702 2220 Nerone
1722 2178 1771 2223 re-

224 2271 298 2310 rum
329 2248 488 2312 paralium
519 2247 687 2309 materiam
715 2248 868 2308 Romanis
903 2247 968 2308 suf·
1024 2247 1120 2309 latam
1135 2261 1285 2329 oportet;
1306 2270 1378 2321 nam
1399 2249 1487 2313 addit
1500 2255 1662 2339 losepbns
1679 2280 1769 2342 prse-

223 2349 355 2424 fecere,
415 2350 520 2433 adbuc
571 2347 747 2410 memorari
798 2348 967 2411 victoriam
1024 2349 1060 2409 iii
1089 2350 1183 2432 hujus
1203 2349 1358 2432 iocupies
1381 2351 1574 2433 historiens,
1604 2380 1624 2421 a
1650 2360 1769 2444 Vespa·

224 2450 373 2514 navalem
399 2470 437 2512 ea
465 2464 587 2525 astate,
619 2471 682 2533 qua
703 2448 805 2512 omnis
830 2470 967 2512 orama·
1024 2451 1604 2538 sisnoNeronioaptorumjuvenum
1622 2480 1684 2523 sex
1699 2462 1768 2525 mil.

223 2552 332 2615 ritima
354 2551 494 2633 imperio
521 2551 637 2634 paruit.
675 2552 768 2614 Hanc
797 2564 903 2614 tamen
925 2552 967 2632 ja·
1024 2552 1068 2614 lia
1088 2551 1130 2614 ad
1143 2553 1317 2629 Isthmum,
1339 2574 1437 2636 quem
1454 2557 1636 2639 perfodere
1654 2563 1683 2626 is
1701 2578 1768 2627 ten·

224 2667 290 2717 ctat
314 2674 430 2715 numus
455 2672 609 2736 praesens
629 2652 691 2713 hoc
717 2673 800 2713 anno
825 2653 967 2735 signatus
1025 2654 1128 2729 tabat,
1159 2655 1256 2717 missa
1285 2675 1369 2720 esse.
1413 2658 1477 2720 Hic
1507 2673 1604 2743 typus
1626 2666 1770 2729 occurrit

226 2754 366 2818 decente
394 2755 507 2838 capitis
537 2754 758 2837 inscriptione.
809 2755 854 2814 Et
883 2752 969 2817 rese·
1027 2757 1123 2818 etiam
1139 2756 1172 2816 in
1189 2756 1294 2818 numia
1315 2757 1382 2820 'I'iti
1405 2772 1440 2821 et
1456 2760 1638 2831 Domitiani
1661 2763 1702 2829 ad
1719 2788 1770 2831 stt·

221 2857 357 2920 rendam
382 2878 452 2920 eam
469 2857 637 2919 victoriam
659 2855 703 2918 ad
719 2855 828 2939 ipsum
843 2854 968 2917 bellum·
1025 2879 1103 2920 num
1118 2859 1161 2926 V.
1181 2858 1217 2921 C.
1233 2858 1307 2920 826.

222 2960 405 3037 Iudaicum,
434 2981 499 3021 non
529 2959 626 3021 docet
657 2957 755 3019 modo
789 2978 904 3019 numus
924 2957 970 3019 al·

224 3074 278 3122 ter
295 3060 485 3143 Vespasiani
504 3059 621 3121 eodem
636 3060 698 3121 hoc
715 3080 798 3120 anno
817 3062 970 3141 signatus,
1227 3046 1267 3107 V·-
1286 3047 1319 3106 C·
1330 3045 1392 3108 825
1407 3047 1443 3107 P·
1460 3046 1504 3111 X·
1516 3067 1572 3132 7².

226 3162 362 3243 incujus
379 3181 508 3223 aversa:
531 3161 709 3227 IVDAEA.
733 3161 876 3221 CAPTA
895 3182 967 3225 curn
1052 3162 1117 3226 ΤΒ.
1135 3164 1171 3222 Ρ.
1189 3163 1254 3224 ΙΙΙ.
1270 3164 1328 3224 JV.
1349 3164 1443 3229 cOS.
1458 3166 1517 3228 17.
1534 3170 1573 3231 P.
1593 3168 1698 3238 ΜΡ.
1716 3176 1750 3236 P.

221 3274 314 3344 typo:
341 3264 438 3324 Miles
455 3263 573 3321 dextro
584 3264 796 3343 pedeprorns
813 3263 969 3323 novisin·
1218 3282 1318 3345 IMR
1338 3282 1435 3344 Vm,
1453 3284 1517 3347 ff,
1534 3287 1582 3351 X·

222 3369 360 3438 sistens,
388 3365 487 3445 (Mus.
510 3363 623 3444 Caes.)
650 3383 766 3425 nerum
797 3363 894 3424 etiam
919 3362 966 3423 di·
1434 3423 1442 3437 ·

222 3480 308 3529 serta
320 3464 450 3547 losephi
466 3464 577 3540 verbs,
595 3463 659 3547 qui,
676 3484 748 3525 cum
766 3463 964 3546 triumphum
1055 3422 1189 3500 ''espa''
1208 3418 1302 3500 Aug·
1317 3418 1384 3485 W·
1402 3418 1476 3483 Tm’
1494 3426 1588 3493 Can·
1604 3426 1652 3489 ῙῘ·
1671 3450 1736 3495 0⁰¹·

222 3569 386 3630 Iudaicum
417 3565 591 3642 describit,
633 3565 719 3627 inter
758 3566 838 3643 alia,
881 3589 963 3651 quae
1086 3565 1251 3631 Antiocho
1267 3570 1505 3652 Commagenes
1528 3592 1612 3657 rege
1640 3572 1683 3637 de
1705 3574 1770 3639 col-

221 3684 289 3733 tum
307 3670 437 3752 publice
453 3667 706 3740 ostentabantur,
724 3673 966 3732 secutnsets'nm
1024 3669 1150 3733 lusione
1170 3690 1244 3734 cum
1259 3671 1387 3732 Parthis
1404 3685 1558 3754 suspecto
1570 3675 1767 3739 Caesennius

220 3774 402 3852 complures
426 3794 525 3833 naues
543 3784 679 3833 testatur
702 3766 745 3850 b).
780 3770 868 3833 istud
884 3791 965 3861 'cum
1024 3772 1141 3833 Paetus
1165 3774 1279 3854 Syriae
1301 3793 1433 3857 praeses
1458 3776 1656 3859 Vespasiani
1680 3779 1768 3863 jussu

222 3886 348 3936 certum
379 3872 437 3949 sit,
471 3892 609 3935 concors
632 3885 682 3965 est
712 3866 966 3955 antiquariorum
1023 3872 1275 3957 Commagenam
1298 3888 1450 3959 occupat,
1468 3896 1617 3963 eamque
1639 3879 1674 3941 in
1695 3884 1768 3965 pre

220 3975 365 4037 omnium
395 3973 521 4056 opinio,
557 3973 648 4035 nullo
671 3974 735 4035 alio
762 3974 888 4055 praelio
912 3997 966 4037 na·
1023 3974 1161 4036 vinciam
1188 3974 1319 4059 redigit.
1370 3978 1444 4040 licx
1474 3998 1549 4041 cum
1583 3978 1663 4045 iiiiis
1691 3980 1767 4065 Epi-

219 4077 284 4141 rali
302 4088 471 4161 comperto
489 4075 738 4157 intelligendum
758 4075 856 4150 illud,
875 4076 963 4160 quod
1022 4074 1142 4156 phane,
1175 4089 1209 4139 et
1234 4077 1394 4173 §ailiuico
1425 4078 1566 4142 Romam
1594 4078 1680 4159 abit,
1709 4080 1768 4144 ibi·

219 4180 253 4240 in
275 4180 349 4242 ineu
378 4179 604 4241 Gennesareth
637 4200 654 4239 a
679 4177 894 4259 Vespasiano,
930 4190 964 4241 et
1021 4194 1084 4258 que
1106 4177 1201 4259 regie
1225 4178 1395 4262 excipitur·
1427 4179 1529 4262 (vids
1555 4182 1654 4265 bajus
1674 4184 1766 4269 regis

219 4282 295 4344 Tito
323 4282 532 4344 commissum
554 4278 682 4364 prolixe
709 4278 883 4359 alosepho
907 4277 963 4342 ‹ls-
1019 4281 1161 4363 numos.)
1212 4282 1350 4345 Petilius
1390 4280 1528 4345 Cerialis
1566 4284 1662 4349 victis
1694 4286 1765 4347 Bri·

220 4384 375 4448 scribitur
399 4386 446 4466 c),
470 4404 551 4467 quac
571 4382 702 4466 quidem
728 4379 864 4443 victoria
880 4381 962 4461 justa
1020 4380 1123 4444 tannis
1135 4382 1266 4465 imperii
1277 4383 1309 4443 in
1323 4381 1428 4445 insula
1440 4381 1710 4468 iinespromovet
1724 4384 1764 4468 d).

798 4530 1020 4542 ...η-ιι·-

257 4613 288 4678 s)
307 4608 399 4665 Tacit.
415 4607 547 4669 Histh.
565 4622 607 4670 52.
714 4608 747 4678 d)
769 4606 840 4663 Bell.
856 4606 919 4669 lud.
933 4608 1036 4668 LVII.
1055 4631 1079 4667 e.
1091 4622 1115 4673 5.
1133 4611 1157 4681 i.
1169 4622 1193 4673 5.
1299 4615 1330 4683 ι),
1350 4610 1422 4669 Bell.
1438 4610 1502 4668 tud.
1518 4610 1549 4670 L.
1563 4612 1612 4671 111.
1633 4634 1698 4691 cap.
1717 4614 1764 4672 uit.

214 4700 254 4755 st=
275 4698 438 4756 Tiliemont.
