4012 5370
235 513 277 581 u
340 456 387 607 f
581 429 583 432 ’
766 477 1255 571 rvusvscaasaa.

226 690 292 754 gne
309 669 489 734 simulacro
507 669 631 749 cupitis
644 666 725 746 ejus,
746 667 834 747 quod
846 684 925 728 mon
942 668 991 755 in·

218 777 302 858 foro
331 773 615 846 consecravimus,
648 771 813 847 adjectum
839 779 901 831 est.
941 771 978 830 ln

229 871 367 935 eandem
389 873 584 936 sententiam
605 874 747 933 Zonaras
771 874 817 954 ⁸),
846 884 879 933 et
902 871 978 933 Ser·

226 975 298 1040 vius
317 975 358 1037 ad
377 997 406 1041 v.
424 985 466 1056 47
488 975 624 1060 eclogae
644 974 700 1037 IX.
726 973 812 1034 Ecce
831 975 979 1037 Dionaei

222 1080 386 1158 processit
409 1081 563 1141 Caesaris
582 1094 719 1139 ostrum.
741 1060 846 1138 Etiam
865 1074 899 1133 ia
919 1096 979 1136 nu·

227 1199 288 1240 mo
297 1178 451 1242 Antiochi
467 1181 507 1239 ΙΙ.
525 1179 638 1260 Syriae
659 1176 765 1258 regis,
790 1176 852 1239 nisi
872 1175 978 1260 quarti

1135 663 1280 732 DIVVS.
1310 663 1467 733 IVLIVS.
1508 667 1619 750 Caput
1657 671 1788 735 taurea·

1124 779 1217 843 tum,
1235 778 1268 828 et
1287 769 1323 828 in
1340 769 1513 831 nonnullis
1522 771 1627 848 juxto
1644 785 1784 834 comeso.

1036 867 1123 929 [ΜΡ.
1137 866 1259 932 CAES.
1273 868 1449 931 TRAIAN.
1462 871 1786 939 AVG.GER.DAC·

1034 973 1074 1036 P.
1084 972 1123 1045 B.
1137 970 1264 1035 Rust'.
1291 973 1325 1034 V
1321 993 1403 1034 enus
1417 977 1601 1051 seminuda,
1616 991 1651 1039 et
1666 996 1785 1040 averso

1035 1087 1130 1135 stans
1156 1075 1297 1134 sinistro
1325 1075 1439 1136 cubito
1466 1076 1640 1140 columnae
1666 1079 1787 1141 innisa

1035 1177 1067 1238 ri.
1084 1174 1236 1255 galeam,
1258 1196 1283 1238 s.
1307 1167 1439 1236 ousiam
1464 1174 1707 1256 transvectum,
1725 1186 1798 1262 pru

226 1292 292 1355 est,
329 1280 426 1361 capiti
460 1279 607 1341 imminet
637 1278 751 1358 stella,
790 1277 977 1341 adludendo
1032 1274 1171 1358 pedidus
1192 1275 1336 1355 clypeus.
1362 1277 1435 1344 AV.
1459 1279 1610 1360 (Morelli
1630 1278 1784 1362 lmpp.iu

225 1400 344 1464 nempe
363 1379 405 1442 ad
423 1374 618 1463 cognomen
630 1380 705 1444 Dei.

367 1480 516 1548 mvos.
533 1481 690 1549 IVLIVS.
707 1484 799 1544 intra
814 1481 976 1542 laureum.

226 1584 330 1650 u1v1.
349 1584 387 1651 u.
416 1568 524 1668 capas
548 1584 731 1648 octaviam·
749 1584 884 1646 aarum.
906 1584 976 1647 aa.

226 1688 265 1751 ll.
285 1685 397 1751 obvii.
651 1682 659 1691 ’

369 1786 517 1853 D1v05.
538 1785 694 1854 IVLIVS.
711 1785 895 1851 CAESAR.
918 1785 979 1850 Ca·

362 1901 426 1972 put
442 1891 622 1951 radiatum.

223 1989 405 2056 Pnovm.
423 1990 457 2056 S.
467 1991 504 2054 C.
524 1991 599 2052 Ara
614 1994 734 2074 ignita.
748 1990 819 2053 ΑΕ.
830 1991 870 2054 11.
884 1987 978 2071 (Pel-

226 2094 313 2156 lerin
330 2092 410 2155 Mel.
424 2093 449 2154 1.
470 2113 502 2173 p.
520 2092 607 2173 aad.)

287 2193 532 2258 Providentiam
558 2192 630 2255 sere
654 2190 716 2254 diis
744 2193 849 2254 solum
876 2191 978 2253 tribu·

226 2313 291 2361 tam
319 2309 455 2362 constat.
495 2298 624 2356 Interea
652 2293 787 2371 falsum,
816 2295 905 2378 quod
930 2290 976 2355 ibi

225 2400 348 2465 adserit
364 2397 584 2473 Pellerinius,
604 2416 721 2461 vocem
743 2399 977 2460 Providentiae
1000 2424 1003 2433 ·

228 2503 433 2585 conjunctam
457 2520 530 2562 eum
552 2521 608 2562 ara
629 2498 730 2562 fuisse
749 2519 788 2561 ea
807 2510 912 2561 aetate
935 2496 977 2557 si·

228 2627 327 2689 gnum
340 2601 611 2674 consecrationis;
626 2623 697 2664 nam
712 2614 885 2684 utrumque
901 2620 978 2661 eon·

224 2707 371 2789 junctum
388 2704 537 2769 videmus
554 2703 652 2766 etiam
670 2703 702 2763 in
719 2702 825 2763 nuruis
842 2701 974 2777 Galbae,

225 2823 260 2871 et
282 2808 420 2875 Vitellii.
451 2807 542 2869 Haec
565 2826 678 2870 aversa
706 2804 739 2865 iu
762 2804 829 2867 >hoc
853 2815 975 2864 tantum

225 2930 325 2973 numo
344 2910 501 2972 haetenus
517 2906 716 2993 comparuit,
738 2905 798 2971 sed
814 2903 909 2973 obvia
921 2917 975 2968 est

225 3014 259 3076 iu
279 3014 389 3077 aeneis
407 3014 451 3078 D.
466 3011 616 3096 Augusti.

589 3110 608 3147 U

230 3172 240 3176 -
484 3159 504 3197 s
695 3160 714 3197 s

288 3213 411 3278 DIVO.
430 3212 552 3279 IVLIO
569 3226 731 3275 monetam
748 3231 878 3297 queque
898 3231 974 3293 cou-

225 3334 399 3393 secravere
424 3314 593 3397 proposito
618 3316 688 3396 ejus
714 3314 819 3397 cupite
844 3318 892 3382 M.
910 3315 976 3375 An·

223 3415 348 3492 tonius,
379 3429 412 3478 et
431 3415 574 3499 Lepidus
592 3416 717 3494 Illviri,
744 3420 791 3483 Μ.
810 3418 974 3502 Agrippa.

223 3518 391 3584 Voconius
407 3518 556 3596 Vitulus,
578 3519 699 3605 aliique
718 3521 909 3585 monetales.

588 3687 609 3726 0

482 3737 503 3775 ἦ
694 3738 713 3773 0

405 3805 510 3872 Numi
526 3812 787 3873 restitutionum.

286 3929 357 3991 Hos
384 3926 448 4010 jam
476 3926 636 4011 descripsi
662 3929 696 3989 in
721 3930 972 4015 Prolegcmenis

221 4031 263 4096 ad
275 4051 391 4094 numos
407 4029 602 4092 familiarum
617 4031 721 4115 capite
735 4032 838 4099 xvll.
855 4036 906 4095 Ex
922 4033 972 4096 his

155 4143 157 4146 ⁴
221 4149 331 4198 tamen
359 4132 538 4202 revocandi
564 4145 639 4197 sunt
664 4134 733 4194 bini
754 4135 864 4211 aurei,
896 4135 971 4219 quia

222 4237 262 4300 ad
284 4237 367 4301 alios
392 4241 416 4299 1.
438 4236 585 4300 Caesaris
617 4255 734 4298 numos
759 4237 970 4302 illustrandos

154 4400 164 4415 ,
220 4340 342 4405 valent.

359 4443 401 4505 c.
425 4442 582 4509 marva.
609 4440 732 4506 caus.
758 4443 848 4520 rue.
874 4441 979 4539 cos,

364 4545 419 4608 111.
444 4545 551 4625 Caput
566 4543 652 4607 Iulii
668 4545 802 4646 nudum.
825 4547 861 4606 ln
882 4544 968 4610 aliisi

258 4773 290 4844 a)
307 4771 384 4827 Anu.
399 4749 433 4827 Τ.
452 4769 488 4829 11.
503 4789 533 4848 p.
551 4782 610 4836 ¹³⁵·

1036 1377 1129 1440 Caes.
1155 1373 1219 1439 tab.
1241 1377 1308 1438 111.
1323 1379 1407 1442 Mus.
1430 1378 1543 1459 Caea,
1574 1380 1608 1445 lc
1635 1382 1729 1445 Beau
1752 1381 1785 1442 ia

1036 1479 1076 1545 Β.
1094 1479 1133 1541 Ι..
1150 1480 1244 1541 Tem.
1258 1478 1345 1544 xx1.
1363 1482 1463 1545 Mem.
1480 1495 1513 1564 p.
1526 1481 1599 1557 354.
1614 1481 1708 1565 355.)

1100 1579 1199 1648 Varia
1225 1580 1259 1640 iu
1280 1579 1331 1644 his
1350 1581 1480 1646 insolita
1508 1582 1698 1650 occurrunt.
1730 1585 1784 1664 Οι-

1035 1696 1095 1767 put
1118 1681 1284 1760 Caesaris,
1302 1683 1406 1769 ‚quod
1435 1685 1468 1747 in
1498 1680 1569 1748 aliis
1598 1699 1783 1750 constanter

1036 1787 1149 1848 laurea
1178 1784 1372 1879 redimitur,
1407 1787 1440 1847 iu
1474 1785 1592 1849 horum
1624 1787 1784 1876 aliquibus

1034 1885 1159 1948 nudum
1181 1900 1248 1965 est,
1276 1901 1390 1970 atque,
1418 1903 1454 1952 ut
1475 1910 1513 1951 re
1536 1889 1606 1972 ipsa
1626 1890 1707 1967 luit,
1735 1912 1784 1954 re·

1037 1990 1247 2064 calvastrum
1289 1989 1330 2053 ad
1361 1989 1442 2054 haee
1472 1990 1688 2070 lineamenta,
1724 1993 1784 2056 sal·

1033 2106 1104 2154 tem
1126 2092 1159 2152 in
1183 2090 1363 2174 exemplari
1382 2093 1487 2156 musei
1505 2093 1679 2171 Caesarei,
1704 2093 1784 2156 nihil

1035 2195 1156 2257 habent
1186 2196 1212 2258 1.
1242 2195 1401 2259 Caesaris.
1437 2196 1545 2259 Etiam
1573 2195 1669 2280 prior
1697 2182 1809 2280 capi-¹

1033 2296 1075 2360 tis
1120 2284 1299 2380 epigraphe
1344 2297 1425 2359 citra
1466 2297 1602 2360 aliarum
1646 2318 1781 2361 morem.

1034 2399 1168 2461 Nullum
1190 2398 1276 2461 euim
1300 2411 1427 2460 certum
1447 2397 1604 2462 hahemus
1623 2398 1718 2484 hujus
1737 2399 1784 2462 di·

1034 2500 1166 2563 cratoris
1193 2521 1348 2577 numum,
1374 2499 1430 2586 qui
1460 2521 1535 2564 eum
1566 2514 1642 2564 aare
1672 2521 1785 2565 conse·

1034 2602 1215 2664 crationem
1242 2604 1369 2688 Iulium
1399 2602 1537 2669 diceret.
1575 2601 1665 2696 Quid
1696 2604 1782 2692 quod

1034 2705 1190 2767 hacteuus
1221 2705 1320 2767 alium
1350 2726 1485 2767 numum
1517 2706 1605 2770 uacti
1633 2727 1701 2770 noa
1732 2728 1782 2769 su·

1034 2829 1122 2885 mus,
1154 2807 1211 2891 qui
1237 2807 1388 2885 doceret,
1419 2807 1568 2871 Caesaris
1595 2805 1781 2893 caputium

1032 2909 1066 2969 iu
1096 2910 1360 2988 consulamus,
1391 2930 1450 2974 seu
1479 2931 1565 2975 auno
1591 2913 1633 2979 V.
1658 2913 1694 2978 C.
1719 2909 1782 2976 eod

1031 3012 1138 3074 numia
1158 3013 1258 3077 fuisse
1277 3013 1412 3078 illatum.
1440 3015 1552 3096 Typus
1575 3013 1674 3076 etiam
1691 3033 1781 3078 area

1032 3136 1105 3190 sao,
1128 3117 1183 3197 qui
1198 3115 1232 3175 in
1252 3116 1389 3199 Augusti
1406 3117 1511 3177 numia
1527 3115 1643 3180 obrius
1662 3129 1728 3194 est,
1748 3116 1780 3176 iu

1034 3233 1163 3280 moneta
1182 3218 1371 3282 LCaesaris
1389 3216 1563 3304 hucusque
1586 3231 1780 3302 conspectus

1033 3332 1178 3381 nonest.
1213 3319 1338 3411 Quibus
1359 3319 1510 3383 omnibus
1531 3320 1687 3405 expensis
1707 3339 1780 3383 nea·

1031 3421 1105 3497 cio,
1129 3441 1169 3484 an
1188 3421 1302 3483 unicus
1321 3421 1374 3484 hic
1391 3444 1526 3499 numus,
1552 3424 1647 3509 isque
1665 3444 1684 3486 a
1702 3422 1780 3485 Tra·

1031 3523 1108 3605 jano
1125 3524 1285 3607 signatus,
1310 3535 1423 3587 eontra
1442 3525 1554 3609 legem
1573 3544 1671 3610 supra
1691 3547 1710 3588 a
1727 3544 1779 3588 ms

1032 3627 1237 3689 constitutam
1261 3624 1403 3708 probare
1425 3627 1501 3690 satis
1525 3639 1640 3712 queat,
1661 3627 1728 3709 jam
1745 3627 1780 3689 ia

1031 3721 1200 3791 consulatu
1231 3729 1285 3821 Ill.
1316 3729 1528 3813 permissam,
1564 3742 1602 3794 ut
1625 3727 1778 3794 ‘Caesaris

1030 3844 1128 3916 eaput
1145 3829 1179 3892 in
1197 3845 1327 3905 moneta
1344 3845 1598 3915 proponeretur.

1395 3932 1415 3971 G

1192 3980 1339 4104 lavis,
1349 3981 1518 4104 mltis?
1525 4038 1634 4119 Caput
1648 4038 1778 4100 laureu-

1190 4148 1276 4201 tum.

1030 4240 1157 4303 Eadem
1175 4239 1312 4319 Traiani
1325 4241 1513 4324 epigraphe·
1532 4242 1664 4304 Mulier
1682 4243 1776 4306 alata

1024 4346 1186 4425 gradiens
1204 4345 1235 4407 d.
1262 4355 1383 4406 vestem
1409 4365 1430 4406 a
1445 4359 1582 4426 pectore
1599 4346 1645 4407 ad
1668 4366 1706 4409 os
1722 4346 1778 4407 ad·

1028 4456 1145 4519 movet,
1161 4464 1187 4508 s.
1204 4446 1395 4522 caduceum,
1407 4467 1470 4530 pro
1478 4449 1623 4531 pedibus
1632 4467 1773 4532 serpens.

1027 4548 1099 4616 AV.
1119 4549 1219 4629 (Mus.
1232 4544 1345 4629 Caes.)
