4012 5370
248 473 320 549 226
857 454 1188 532 CALIGVLA.

241 654 304 718 quo
345 650 457 695 omnes
484 629 574 692 cultu
605 641 656 691 est
688 612 846 705 imitatus,
890 618 992 690 lectus
1115 625 1257 688 Numam
1271 624 1359 692 hune
1370 626 1476 693 edidit
1488 628 1654 711 Illtsllius,
1674 635 1734 721 qni
1748 634 1799 701 sd·

239 739 304 819 jam
325 734 488 817 luppiter,
525 730 691 806 Bacchus,
713 728 900 821 ¹llereules,
930 729 994 810 jum
1051 725 1176 803 firmat,
1204 748 1271 792 uon
1298 748 1371 793 esse
1402 732 1622 819 subaeratum.
1675 738 1796 802 'I'smeu

239 841 337 913 luno,
376 828 494 910 Diana,
532 834 656 900 Venus.
700 828 817 918 Neque
851 830 990 893 defuere
1049 827 1183 890 dubium
1204 851 1273 893 non
1295 830 1441 909 videtur,
1467 834 1698 900 intercessisse
1715 836 1797 903 finu-

239 937 301 1001 sibi
328 934 583 1024 consecrationis
614 954 740 999 causae.
783 935 865 995 Nam
888 932 990 1009 siout,
1050 926 1126 990 dem
1146 931 1286 1017 aliquam
1309 954 1368 996 seu
1386 955 1525 1014 novam,
1554 934 1615 1001 ssu
1640 952 1794 1003 veterem.

239 1039 419 1124 inquiebat,
465 1036 604 1100 aliorum
641 1056 780 1120 gregum
825 1032 986 1117 maginni,
1046 1030 1155 1093 Nimio
1178 1030 1267 1095 euim
1296 1047 1423 1097 eertum
1445 1050 1513 1115 est,
1542 1038 1718 1104 Claudium
1730 1040 1796 1121 Csji

235 1140 391 1216 bubulci,
428 1138 604 1221 opiliones,
640 1136 789 1217 uouipsi
812 1135 988 1199 authores
1047 1133 1226 1197 memorius
1242 1134 1413 1212 inisse,et
1430 1138 1681 1205 esse-debuisse
1696 1140 1794 1207 inien-

240 1256 329 1319 sunt,
351 1253 406 1305 aut
428 1240 564 1314 arietes,
597 1238 643 1302 sie
665 1251 756 1300 etse
780 1236 912 1321 generis
934 1236 993 1299 hu·
1049 1256 1141 1313 sum,
1170 1258 1279 1321 neque
1311 1238 1397 1303 ullus
1424 1240 1584 1305 hactenns
1614 1241 1724 1307 editus
1748 1258 1795 1309 est

240 1342 327 1405 mani
355 1339 527 1404 custodem
550 1339 736 1402 bominibus
756 1352 925 1421 praestare
949 1339 989 1419 ¹).
1048 1358 1164 1400 numus
1187 1340 1314 1403 Claudii
1340 1361 1415 1405 eum
1438 1341 1535 1407 titulo
1552 1344 1646 1411 tttP.
1661 1346 1740 1423 Vt,
1758 1358 1793 1411 st

235 1448 375 1506 Pontem
404 1440 539 1505 navibus
567 1442 685 1524 junctis
714 1464 732 1503 a
764 1441 912 1503 Puteolis
942 1439 984 1502 ad
1041 1439 1104 1520 jum
1144 1439 1332 1506 observavit
1359 1442 1512 1505 Kbellius
1532 1442 1580 1524 ¹³).
1634 1447 1688 1508 Ad
1714 1446 1789 1511 bato

238 1549 358 1608 Baulos
389 1544 520 1619 stravit,
551 1562 691 1625 eumque
724 1562 798 1603 enm
826 1540 983 1604 militibus
1040 1553 1164 1603 tantun
1183 1540 1302 1619 abluit,
1328 1556 1365 1605 ut
1379 1543 1516 1607 Claudio
1536 1544 1787 1629 imperantem·

234 1647 403 1729 ingressus
422 1644 580 1707 Puteolos
598 1644 762 1708 hostiliter
779 1644 911 1717 invasit,
934 1663 987 1706 re·
1043 1641 1089 1703 mi
1107 1662 1181 1706 eum
1202 1642 1370 1726 Culigulso
1386 1646 1492 1730 eapite
1509 1646 1737 1731 signarentur,
1752 1660 1787 1713 nt

236 1767 433 1833 gressusque
453 1743 672 1830 pereundum
688 1760 740 1809 est
756 1744 984 1829 triumphantis
1042 1744 1141 1805 etiam
1153 1764 1267 1807 omues
1282 1746 1372 1809 nunti
1385 1746 1496 1823 aenei,
1513 1748 1572 1833 qui
1590 1749 1665 1833 ejus
1681 1748 1784 1837 imagi·

234 1871 327 1914 more
347 1846 535 1912 Alexander
560 1850 606 1910 Μ.
630 1847 695 1910 (1ἰοί
712 1847 865 1932 gestiens.
897 1849 983 1909 lusa·
1022 1860 1116 1906 ‘nem
1135 1845 1359 1927 praeferrent,
1382 1848 1518 1911 eonllari
1533 1850 1782 1933 juberemus),

230 1954 286 2015 nis
313 1953 363 2015 luis
392 1949 612 2011 moliminibus
642 1972 708 2012 non
741 1964 808 2013 toto
831 1962 981 2013 vertente
1040 1945 1781 2035 quodlaetumidemsdabolendsmeinsms·

234 2074 318 2116 auno
349 2052 502 2115 relictum
532 2074 550 2113 a
577 2051 713 2114 Tiberio
733 2052 834 2116 vicies
857 2072 894 2113 ac
914 2071 986 2134 sep·
1043 2047 1179 2111 moriam
1198 2062 1345 2117 testatur.

234 2154 296 2215 ties
315 2136 435 2215 millies
459 2154 525 2218 llS.
551 2152 735 2235 absumpsit.
776 2152 915 2236 Reliqua
938 2152 986 2213 in·
1096 2210 1101 2217 ,
1210 2208 1216 2223 ,

234 2252 403 2318 credibilis
420 2253 590 2327 saevitiae,
613 2272 651 2315 ιιο
671 2252 814 2314 libidinis
832 2254 984 2336 exempla
1167 2267 1273 2335 dumi
1281 2274 1464 2337 commutis
1476 2276 1664 2359 peregrini.

234 2355 292 2439 qui
305 2353 414 2430 solet,
430 2374 471 2416 ex
488 2352 662 2430 Suetonio,
680 2352 839 2429 Philone,
856 2368 890 2418 et
903 2356 983 2417 Dio·
1185 2370 1188 2375 ’

231 2477 274 2519 uo
298 2469 406 2539 petat,
436 2468 470 2518 et
490 2454 575 2516 infra
596 2474 637 2515 ex
660 2475 811 2516 sororum
831 2455 920 2538 ejus,
943 2477 981 2519 se
1106 2436 1248 2498 Vibium
1265 2436 1457 2503 abimum·

228 2578 370 2620 snorum
389 2556 475 2619 serie
494 2568 648 2639 poterunt
663 2555 789 2639 colligi.
1099 2554 1225 2617 Harum
1248 2575 1364 2643 numos
1381 2577 1447 2620 uon
1461 2556 1694 2645 infrequentes
1709 2562 1776 2626 uim

296 2660 332 2724 C.
349 2658 532 2720 CAESAR.
562 2655 665 2722 AVG.
699 2656 801 2721 PON.
838 2658 883 2721 M.
908 2660 978 2721 ΤΒ.
1038 2654 1205 2739 Caligulae
1231 2658 1337 2741 eapite
1360 2659 1394 2721 in
1421 2659 1581 2743 catalogis
1604 2660 1776 2749 descriptos

226 2759 331 2825 POl'.
356 2762 425 2823 llll.
442 2757 537 2823 COS.
561 2760 630 2822 llll.
651 2757 684 2817 in
703 2759 774 2824 All.
797 2770 980 2844 tetere'ty·
1036 2757 1193 2841 reperias.
1215 2759 1364 2843 insigues
1378 2750 1469 2837 sent,
1489 2760 1550 2825 sed
1575 2784 1714 2848 quornm
1726 2788 1775 2849 ps·

110 2923 115 2937 ,
228 2880 272 2944 po
287 2860 432 2923 Coronae
449 2881 609 2939 quernae,
627 2859 699 2923 rel:
719 2863 843 2943 cupitis
860 2862 980 2944 Augu·
1036 2857 1130 2921 trium
1149 2858 1255 2921 minus
1271 2873 1551 2929 eertotensmuss
1589 2872 1594 2885 '

222 2966 280 3026 'sti
291 2965 428 3028 radiati.
452 2965 552 3043 (llius.
568 2961 677 3037 Caes.)
1132 2954 1163 3019 Γ
1165 2958 1289 3021 ΔΙΟΣ.
1305 2954 1497 3029 ultim.
1513 2958 1620 3033 2813.
1638 2962 1773 3032 ΓΕΡΜ.

368 3064 408 3127 C.
422 3063 604 3123 CAESAR.
617 3063 719 3127 DIVI.
731 3059 832 3126 AVG.
843 3058 975 3125 PRON.
1134 3058 1774 3134 anMttndttMAEEot'zmsst.

370 3162 475 3229 AVG.
493 3163 526 3227 S.
545 3164 581 3225 C.
603 3162 715 3222 Pileus
730 3162 910 3227 libertatis.
1136 3164 1243 3245 Caput
1256 3166 1380 3226 nudum
1392 3176 1584 3229 transuerso
1595 3182 1738 3251 seeptro.

230 3259 973 3357 cosqvtu.(apponuntur.1111.
1034 3262 1112 3325 Sine
1124 3262 1312 3346 epigraphe.
1348 3262 1487 3347 Signum
1504 3268 1707 3353 Augustld.
1719 3290 1773 3355 pu·

224 3368 263 3431 P.
281 3368 336 3441 P.,
364 3371 401 3429 in
416 3368 542 3428 medio:
565 3362 662 3426 IlCC.
697 3362 769 3427 ΑΕ.
794 3364 849 3427 lll.
873 3366 973 3447 (Mus.
1031 3374 1146 3441 terum,
1160 3386 1186 3427 s.
1195 3365 1330 3427 lustum
1346 3368 1450 3430 sellae
1461 3371 1774 3454 insidenrtss'nqna·

224 3470 337 3552 Caes.)
622 3490 625 3494 ’
1028 3464 1137 3546 drigis
1152 3466 1403 3546 elephantorum
1423 3471 1513 3532 inter
1526 3484 1654 3553 septem
1673 3466 1771 3537 astru.

1029 3565 1069 3625 ln
1095 3567 1177 3628 aliis
1204 3567 1324 3629 desunt
1347 3569 1440 3631 solae
1466 3573 1665 3657 quadrigae.
1704 3574 1771 3637 tn.

228 3654 359 3719 Nemus
383 3652 559 3736 Caligulae
586 3663 663 3733 pest
687 3651 758 3729 ejus
773 3662 909 3713 mortem
928 3655 972 3716 si·
1030 3687 1072 3730 m,
1089 3688 1132 3733 m,
1152 3670 1253 3749 (mm,
1271 3668 1363 3733 ερας,
1380 3669 1547 3755 Momm)

526 3785 662 3854 gnatus.
1093 3769 1215 3847 Alius,
1236 3774 1295 3834 sed
1308 3782 1412 3851 eaput
1429 3772 1589 3853 Augusti
1606 3776 1771 3839 radiatum

1026 3874 1115 3933 inter
1128 3884 1250 3953 septem
1265 3884 1369 3937 astru.
1399 3872 1472 3940 AB.
1485 3874 1545 3939 111.
1563 3876 1664 3957 (llus.
1679 3876 1769 3941 Ctes.

364 3976 401 4041 C.
421 3974 603 4038 CAESAR.
635 3974 737 4041 Ave.
768 3976 905 4041 GEllllI.
928 3976 967 4039 P.
1023 3972 1188 4053 Morelli.)

362 4080 409 4141 Μ.
424 4072 496 4140 ΤΗ.
512 4074 615 4139 ΡΟΤ.
643 4078 750 4156 Caput
767 4080 966 4141 laureatum.
1087 4072 1257 4136 Omnesbi
1266 4072 1334 4158 typi
1346 4069 1467 4161 exiguo
1483 4074 1674 4141 discriiue
1687 4100 1770 4143 suut·

222 4184 277 4244 Tl.
290 4181 450 4246 cuttu.
466 4176 648 4243 CAESAR.
659 4160 817 4245 nvejlt
840 4181 885 4239 Μ.
896 4181 966 4243 Tll.
1022 4173 1070 4258 pti
1094 4188 1168 4236 sunt
1201 4198 1242 4238 ex
1268 4174 1373 4239 numis
1396 4178 1555 4241 Romanis
1578 4202 1597 4243 s
1618 4180 1768 4255 Tiberio,

220 4283 323 4350 POT.
348 4286 438 4346 ΙΜΡ.
462 4282 520 4349 Vl.
549 4280 656 4361 Caput
681 4280 817 4342 Claudii
838 4283 968 4340 laureu-
1024 4289 1057 4339 et
1076 4274 1224 4359 Caligula
1245 4276 1279 4338 in
1293 4276 1433 4361 Augusti
1454 4279 1619 4343 bonorem
1637 4302 1768 4365 percus·

220 4398 303 4450 tum.
339 4388 408 4446 ult.
432 4384 532 4468 (Mus.
555 4382 669 4469 Apo-st.
692 4383 800 4458 Zeno,
823 4400 908 4445 nune
931 4381 965 4443 S.
1022 4377 1078 4443 sis.
1107 4376 1297 4444 Verisimile
1318 4378 1465 4457 videtur,
1487 4400 1548 4445 eos
1569 4382 1715 4475 signatos
1734 4382 1766 4447 in

220 4486 394 4567 Floriani.)
1020 4479 1229 4542 Cretensium
1256 4480 1408 4563 urbibus,
1436 4504 1512 4547 natn
1542 4484 1671 4549 'l'iberii
1685 4500 1766 4553 aetu-

256 4691 752 4770 s)1‘t1i101.egst.adca'up.556.
826 4686 862 4762 b)
883 4684 1041 4765 Supplad
1054 4686 1242 4765 vaillpdd·
1316 4690 1345 4765 0)
1363 4690 1421 4749 1)ῖο
1433 4688 1632 4791 lumin,
