4012 5370
235 466 306 546 298

236 637 309 681 rum
326 634 401 678 eum
419 610 597 695 epigraphe
615 605 657 671 sit
675 604 890 679 dedicatoria,
912 603 976 667 hoc

233 737 332 781 numo
353 715 528 787 doeemur,
554 733 572 773 a
595 710 630 773 S.
646 710 683 772 P.
704 708 745 801 Q.
763 710 803 771 R.
825 706 976 790 clypeum

231 820 394 891 votivum,
423 814 536 898 quales
558 812 670 894 plures
693 810 727 869 in
744 807 882 891 Augusti
908 828 976 870 mo·

232 933 308 983 neta
325 916 480 992 vidimus,
504 912 692 976 alterutrius
716 910 904 996 prorineiae
920 929 979 972 no·

230 1001 318 1084 mine
336 1016 459 1080 Galbae
477 1014 622 1077 oblatum
642 1010 905 1095 dedicatumque.

371 1119 503 1180 Amica
516 1119 659 1178 incerta.

232 1219 416 1283 memus.
437 1218 476 1282 P.
501 1217 546 1279 M.
566 1215 635 1274 ΤΒ.
653 1214 691 1273 P.
710 1209 805 1274 COS.
824 1213 864 1272 11.
888 1211 978 1275 Tibe

229 1325 324 1384 rinus
347 1320 441 1381 humi
461 1318 585 1380 sedens.
623 1313 697 1380 AV.
733 1311 850 1394 (Catal.
873 1310 977 1375 d'En·

228 1421 416 1589 ner{lirinus
445 1512 499 1576 bie
519 1506 653 1599 ‚Galbae
682 1533 800 1577 numus
832 1528 897 1592 est,
920 1515 976 1599 qni

229 1622 300 1708 ejus
330 1619 532 1683 consulatum
560 1629 738 1693 memoret,
780 1628 814 1676 et
840 1616 972 1698 quidem

226 1724 386 1799 alterum,
426 1739 500 1779 nam
537 1717 676 1801 primum
706 1714 848 1798 privatus
879 1717 973 1783 inivit

227 1837 313 1887 teste
332 1822 510 1896 Suetonio,
533 1820 672 1881 alterum
694 1817 764 1881 Ral.
782 1820 848 1883 lan.
876 1818 918 1885 V.
935 1820 971 1882 C.

227 1926 308 2002 ena,
353 1941 465 1986 caesus
494 1920 649 1984 contiuuo
679 1932 754 2001 post
783 1918 853 1981 dies
881 1920 972 1998 XV„

226 2026 311 2087 intra
327 2043 408 2109 quos
426 2022 508 2084 adeo
527 2021 725 2102 singularem
737 2022 824 2082 buno
838 2043 971 2085 numum

224 2125 320 2189 feriri
335 2123 481 2208 contigit.
506 2124 607 2185 Causa
624 2121 706 2184 illati
723 2122 872 2185 Tiberini
892 2123 971 2186 milri

224 2228 348 2319 ignota.

430 2526 766 2589 Autonomi

249 2645 432 2710 Commoris
451 2645 595 2706 Romani
601 2688 611 2719 ,
636 2644 746 2707 Galba
766 2648 946 2726 imperanto

522 2766 660 2847 signati.

284 2934 421 2994 Exstant
457 2933 548 2997 numi
577 2930 764 3014 complures
800 2931 968 2996 commatis

222 3034 361 3096 Romani
388 3033 509 3118 absque
534 3034 740 3115 imperatoris
766 3033 888 3115 capite,
915 3032 968 3097 vel

224 3132 454 3217 inscriptione,
482 3155 563 3217 quos
584 3147 758 3215 propterea
782 3154 971 3217 καταχρηςι·

224 3254 299 3308 κως,
332 3247 529 3298 autonomos
552 3233 753 3316 compellare
774 3233 887 3310 liceat,
913 3235 969 3319 qui

222 3331 378 3395 suadente
394 3348 482 3416 typo,
500 3347 534 3396 et
545 3335 727 3418 epigraphe
747 3336 968 3417 Augustorum

220 3455 304 3499 aero
335 3436 404 3497 sine
435 3433 535 3497 dubio
563 3435 680 3516 signati
712 3448 795 3497 sunt.
838 3438 967 3498 Horum

220 3557 288 3599 non
310 3556 429 3619 paucos
448 3537 513 3618 jam
542 3535 700 3618 descripsi
722 3536 757 3596 in
777 3539 883 3600 uumis
902 3539 967 3600 Au·

222 3638 308 3719 gusti
338 3638 380 3699 ad
410 3658 510 3700 annos
543 3640 584 3702 V.
607 3640 643 3702 C.
665 3638 729 3717 734
759 3651 793 3700 et
821 3648 905 3719 7423
934 3652 966 3702 at

221 3752 296 3802 sunt
320 3739 416 3800 etiam
438 3739 588 3800 nonnulli
610 3738 751 3815 Galbae,
774 3751 808 3801 et
827 3739 964 3816 Vitellii,

218 3854 317 3924 atque
331 3839 429 3901 etiam
447 3839 605 3916 aliorum,
631 3860 713 3923 quos
727 3841 793 3903 suis
810 3840 964 3907 locistle·

220 3940 412 4005 scribemus.
444 3939 484 4001 sd
508 3960 611 4022 genus
636 3962 752 4004 numos
768 3941 871 4005 habes
892 3942 967 4005 alla-

220 4043 279 4107 tim
304 4041 390 4127 apud
414 4041 603 4104 Morellium
625 4043 658 4103 in
678 4044 812 4108 incertis
832 4042 967 4107 familia·

220 4161 313 4220 rum,
330 4158 364 4208 et
379 4144 413 4205 in
430 4144 585 4229 Cataloge
607 4143 785 4227 d'Ennery.
823 4146 875 4207 Ad
893 4146 966 4209 Gal·

221 4248 295 4308 lram
313 4246 480 4328 pertinent
496 4259 684 4331 sequentes:

360 4346 463 4411 BON.
479 4349 641 4415 EVENT.
675 4348 780 4428 Caput
795 4350 962 4412 rnuliebre.

224 4447 364 4511 ROMA.
392 4449 629 4513 RENASCES.
676 4452 781 4512 Ronra
799 4454 964 4533 paludato

907 435 1111 508 GALBA.

1103 588 1110 605 '
1174 600 1300 664 Eodem
1321 602 1469 667 aduerso.

1035 702 1106 767 OB.
1115 703 1237 770 CIVIS.
1251 703 1496 771 SERVATOS.
1519 705 1785 774 coronaotntca.

1036 804 1105 865 nn.
1126 804 1275 884 (ararent
1288 804 1310 868 1.
1322 808 1370 887 c.)
1731 792 1734 797 '

1099 904 1223 968 Omnes
1243 904 1304 969 liae
1323 906 1553 992 inscriptiones
1575 921 1611 972 et
1631 909 1704 993 typi
1727 910 1786 975 ob-

1034 1004 1080 1071 vii
1095 1006 1215 1069 suntin
1224 1007 1347 1070 Galbae
1366 1022 1506 1074 moneta.
1527 1010 1556 1071 F
1556 1010 1671 1077 abrica
1682 1011 1782 1077 elim

1034 1106 1122 1170 istud
1138 1108 1210 1173 aevi
1228 1110 1323 1190 sapit.
1402 1096 1406 1103 ⁴

1174 1209 1404 1272 LIBERTAS.
1424 1212 1694 1285 RES'PlTVTA.
1721 1216 1783 1279 Ga·

1170 1313 1411 1394 put'muliebre
1430 1315 1594 1391 uelatum,
1623 1317 1672 1377 ad
1689 1317 1797 1397 cujus.

1171 1426 1290 1493 pectus
1305 1416 1408 1495 spica.

1033 1511 1303 1578 CONCORDlA.
1325 1514 1454 1597 Mulier
1467 1516 1586 1579 sedans
1598 1520 1633 1581 d.
1647 1522 1782 1601 signum

1030 1616 1190 1691 militare,
1206 1635 1304 1695 super
1316 1633 1381 1693 quo
1391 1636 1524 1697 porcus,
1541 1639 1567 1679 s.
1585 1622 1780 1687 caduceum.

1028 1717 1099 1777 AR.
1118 1717 1216 1799 (Mus.
1234 1716 1346 1797 Caes.)
1804 1702 1808 1709 ¹

1170 1817 1296 1879 Eodem
1318 1818 1467 1903 adraso.
1497 1900 1500 1907 Ι

1028 1918 1161 1984 MARS.
1179 1917 1345 1985 VLTOR.
1368 1921 1466 1982 Mars
1471 1922 1662 2002 paludatus
1673 1936 1773 2003 stans,

1028 2022 1059 2081 d.
1071 2023 1202 2097 signum
1212 2022 1369 2097 militare,
1386 2043 1413 2085 s.
1425 2022 1588 2104 elypeum.
1613 2024 1683 2089 AR.
1694 2028 1777 2107 (Mo-

1029 2120 1106 2183 relli
1121 2120 1333 2186 iacentium:
1349 2120 1414 2201 tab.
1424 2122 1483 2205 11.)

1170 2223 1298 2286 Eadem
1314 2226 1465 2287 adverso.

1027 2322 1159 2385 MARS.
1180 2323 1431 2388 ADSERTOR.
1474 2324 1575 2387 Mars
1590 2326 1775 2406 paludatus

1025 2436 1122 2486 etune
1137 2426 1169 2488 d.
1179 2437 1359 2506 tropaeum,
1376 2448 1402 2487 s.
1413 2426 1578 2511 clypeam.
1601 2427 1674 2494 AR.
1692 2430 1775 2513 (ble-

1027 2525 1105 2587 relli
1116 2524 1141 2589 l.
1152 2544 1183 2591 e.
1198 2524 1347 2608 tab.1V.)
1541 2538 1546 2545 “

1166 2626 1291 2689 Eadem
1314 2628 1464 2693 adverso.

1026 2728 1061 2792 S.
1078 2728 1117 2793 P.
1137 2724 1178 2820 Q.
1188 2728 1232 2791 R.
1247 2730 1443 2810 inscriptum
1452 2726 1580 2811 clypeo,
1598 2749 1695 2809 ouem
1705 2750 1791 2811 atu-ff

1025 2831 1216 2895 hircorum
1233 2848 1368 2906 querna.
1390 2829 1462 2894 AV.
1484 2827 1641 2910 (Merelli
1654 2828 1680 2896 l.
1694 2832 1740 2914 e.)

1144 2929 1392 2997 HERCVLES.
1422 2928 1680 2995 ADSERTOR.
1715 2930 1771 2995 Gr·

1143 3046 1206 3113 put
1216 3031 1372 3093 Herculis
1386 3016 1578 3092 laureatum
1586 3032 1769 3097 barbatum.

1025 3131 1277 3196 FLORENTE.
1292 3128 1518 3201 FORTVNA.
1533 3132 1574 3197 P.
1584 3132 1625 3209 R.
1646 3134 1771 3197 Mulier

1025 3248 1120 3296 stans
1143 3238 1174 3299 d.
1200 3253 1345 3308 ramum,
1371 3254 1398 3295 s.
1422 3236 1658 3323 cornucopiar.
1702 3236 1769 3301 AR.

1020 3334 1174 3416 ¹(Bimartl
1191 3332 1232 3397 ati
1252 3333 1374 3400 lobert.
1394 3334 1469 3399 ΤΛ.
1486 3350 1519 3417 p.
1530 3338 1630 3420 uoq.)

1087 3438 1139 3498 Er
1156 3448 1284 3519 septem
1302 3435 1356 3498 bie
1380 3433 1555 3519 descriptis
1568 3424 1687 3500 'numia
1708 3450 1770 3501 ter·

1024 3536 1087 3599 tius
1106 3558 1148 3599 ex
1166 3556 1278 3601 museo
1296 3537 1480 3615 Caesareo,
1502 3557 1578 3601 eura
1598 3537 1689 3625 quod
1707 3538 1770 3603 ior·

1023 3651 1056 3700 te
1072 3638 1186 3702 uniens
1207 3651 1274 3713 est,
1297 3650 1366 3699 tum
1381 3652 1520 3722 propter
1540 3654 1768 3725 argumentum

1021 3738 1184 3803 illustrem
1200 3741 1312 3803 locum
1333 3752 1432 3803 tenet.
1475 3738 1558 3825 Ejus
1578 3764 1657 3827 pars
1680 3762 1771 3807 arer-

1022 3863 1056 3903 sa
1071 3844 1300 3905 Concordiam
1322 3838 1489 3919 enunciat,
1516 3840 1612 3927 eujus
1639 3862 1766 3931 quoque

1025 3942 1206 4023 symbolum
1238 3954 1288 4007 est
1315 3942 1494 4020 eadueess,
1527 3964 1628 4029 quem
1651 3946 1768 4009 mulier

1024 4056 1247 4109 manutenet.
1287 4044 1429 4107 Indicari
1451 4065 1534 4109 vero
1559 4046 1766 4113 ennoea-(liam

1023 4145 1125 4229 ipsius
1140 4146 1335 4229 Hispaniae,
1349 4160 1446 4231 atque
1461 4159 1498 4209 ut
1509 4148 1694 4217 verisimile
1709 4162 1768 4223 est,

1023 4248 1162 4311 militum
1192 4268 1235 4311 ex
1255 4247 1409 4335 Hispanis
1440 4248 1705 4335 conscriptorum
1734 4250 1768 4311 iu

1022 4347 1206 4412 deferendo
1235 4348 1358 4413 Galbae
1383 4348 1584 4434 principatu,
1611 4352 1766 4419 invictum

1022 4464 1248 4535 argumentum
1278 4450 1417 4533 praebet
1450 4450 1581 4537 signnm
1608 4454 1767 4529 militare.

220 4559 317 4608 stans
332 4551 367 4616 d.
393 4554 625 4627 Victoriolam,
655 4576 680 4613 s.
704 4554 847 4614 hostem.
890 4556 961 4615 AR.
1020 4554 1228 4636 cuissparne
1246 4552 1541 4637 poreuaimmiuet.
1576 4552 1665 4619 Esse
1681 4548 1765 4619 istud

222 4649 322 4724 (Mus.
335 4648 425 4712 0⁸8⁸·
445 4656 577 4719 Morelli
601 4658 716 4720 incert.
734 4653 940 4733 fam.tab.1.)
1020 4654 1138 4719 animal
1164 4656 1292 4740 insigne
1322 4654 1516 4757 Hispaniae,
1529 4702 1532 4707 -
1547 4658 1770 4743 ¹ettrrtprobant
