3998 5340
222 454 322 548 π’
737 471 1224 566 enarrarre

214 656 380 745 testimn
410 649 580 735 accedat
607 646 838 737 auctoritas.
877 645 923 730 ln
958 662 1173 770 praesente
1200 675 1298 762 ergo
1327 652 1520 737 examine
1548 653 1765 737 hominem

212 795 309 879 inde
324 792 376 875 ab
394 801 543 873 exortu
560 813 635 870 suo
652 784 833 873 veritatis
848 785 1163 879 numismaticae
1178 784 1384 878 sicariam
1402 802 1452 874 ut
1468 791 1568 876 alibi
1586 818 1764 902 sempor,

215 929 360 1043 procul
378 924 634 1010 habebimus.

298 1070 352 1150 At
367 1064 412 1148 in
432 1057 705 1163 recensendis,
722 1057 1040 1168 ordimudisque
1057 1063 1643 1172 monetaodugusteaerurmis
1661 1063 1762 1148 inde

214 1235 239 1288 a
257 1203 419 1292 duobus
438 1196 634 1297 saectdis,
663 1205 706 1276 et
729 1189 906 1301 amplius
934 1190 1117 1280 maxima
1135 1190 1224 1278 laus
1241 1192 1322 1278 fuit
1340 1198 1572 1283 ADOLPHl
1600 1201 1771 1286 OCCO·

213 1341 296 1426 NlS
316 1333 468 1420 medici
486 1325 735 1440 Augustani,
765 1328 883 1443 eujus
902 1324 1104 1416 habemus
1123 1355 1227 1440 opus
1244 1339 1372 1414 tenue
1390 1330 1592 1442 primum,
1622 1352 1666 1422 et
1682 1336 1763 1420 hoc

215 1474 382 1561 nomine
402 1466 581 1554 editum:
608 1461 745 1573 Impp.
761 1460 1052 1603 {romanorum
1072 1475 1332 1552 numismata
1351 1499 1380 1551 a
1399 1468 1599 1579 Pompeio
1617 1477 1684 1555 M.
1708 1476 1770 1558 ad

214 1613 476 1699 Heraclium
499 1605 763 1716 Antoerpiae
781 1605 848 1695 Μ.
868 1606 926 1690 D.
945 1605 1147 1692 LXXIX
1176 1619 1232 1694 in·
1255 1627 1337 1715 ato.
1383 1609 1447 1693 Ab
1473 1609 1562 1722 ipso
1595 1624 1775 1694 auctore

216 1749 496 1840 emendatum,
513 1745 893 1860 locupletatamque
909 1744 1064 1833 itemm
1078 1748 1231 1862 prodiit
1238 1753 1449 1860 nagreae
1457 1744 1767 1830 Vindelicorum

215 1920 323 1980 anno
342 1889 401 1975 M
420 1886 503 1975 DC.
520 1882 547 1969 l
583 1885 792 1971 Recusum
822 1886 1071 1999 dntverpiae
1095 1887 1150 1972 M.
1170 1886 1253 1973 DC.
1270 1883 1392 1970 XXV.
1419 1895 1595 1970 testatur
1622 1883 1769 1968 Fabri·

214 2031 303 2121 cius
321 2020 374 2134 ·).
401 2023 447 2114 si
463 2019 669 2107 laudanda
689 2021 780 2136 jure
790 2034 853 2107 est
870 2023 1112 2142 praestantis
1130 2023 1213 2110 uiri
1228 2021 1451 2138 diligentia,
1471 2034 1514 2106 et
1533 2019 1764 2125 consilium,

215 2165 328 2279 quod
345 2162 501 2275 primus
522 2159 612 2267 luit,
631 2158 704 2270 qui
721 2159 915 2272 colligere
934 2165 1217 2274 Angustomm
1229 2191 1377 2246 numos
1396 2151 1541 2245 om'nes
1559 2173 1651 2242 tum
1672 2186 1769 2267 cog·

221 2302 350 2402 nitos,
379 2310 423 2382 et
448 2296 492 2381 in
518 2308 753 2408 temporum
771 2295 975 2380 rationem
994 2298 1240 2383 distribuere
1257 2312 1508 2404 tentaverat,
1536 2308 1675 2380 tamen
1696 2321 1771 2375 no-

220 2451 303 2522 stra
320 2434 400 2519 hac
418 2445 573 2541 aetate,
604 2459 685 2545 qua
706 2460 790 2515 non
809 2431 934 2519 modo
953 2435 1086 2521 multo
1104 2434 1307 2520 habemus
1324 2434 1552 2520 auctiorem
1571 2433 1658 2540 ejus
1680 2458 1767 2512 mo·

219 2587 341 2659 netae
362 2595 602 2675 numerum,
626 2567 700 2651 sed
716 2567 825 2652 hano
842 2570 970 2654 etiam
986 2573 1120 2657 multo
1137 2573 1374 2658 adcuratius
1392 2569 1660 2682 descriptam,
1678 2567 1769 2651 rul-

218 2722 460 2827 gatamque,
490 2733 592 2818 opus
615 2704 728 2788 istud
744 2706 796 2788 ab
816 2705 888 2813 iis,
915 2735 1094 2826 quorum
1112 2709 1295 2816 interest,
1324 2709 1396 2794 vix
1413 2708 1589 2819 amplius
1606 2707 1651 2788 in
1671 2734 1769 2788 con-

219 2847 357 2933 silium
376 2842 611 2934 adhibetur.
633 2840 907 2931 Nihilominus
929 2844 1042 2930 hunc
1070 2845 1295 2933 indtuuiae
1321 2876 1422 2933 suae
1450 2845 1546 2930 tulit
1573 2846 1768 2946 inactum,

219 2999 290 3091 nt,
319 2982 392 3096 qui
418 2977 610 3091 deinceps
636 2977 782 3064 eodem
800 2980 846 3065 in
864 2997 1109 3095 argumento
1133 2986 1284 3070 versati
1303 2997 1422 3092 sunt,
1450 2980 1626 3068 Oeconis
1644 2983 1772 3065 vesti·

221 3122 296 3235 giis
316 3115 590 3205 insistendum
606 3114 828 3220 ducerent,
855 3129 981 3226 atque
997 3123 1290 3228 profiterentur
1320 3121 1418 3232 ipsi,
1442 3118 1544 3199 nihil
1561 3116 1638 3197 sibi
1656 3115 1769 3197 aliud

190 3255 348 3343 tuisse
377 3247 654 3363 propositum,
685 3276 811 3359 quam
842 3258 890 3333 ut
909 3250 1086 3335 Oeconis
1113 3255 1347 3367 catalogum
1373 3249 1690 3363 amplificarent,
1728 3266 1771 3335 et

222 3392 258 3476 si
276 3416 356 3503 qua
375 3396 595 3500 peccatum
614 3396 744 3491 esset,
773 3383 936 3469 sanitati
952 3386 1227 3474 restituerent

308 3524 364 3610 Et
388 3521 497 3606 hanc
520 3520 686 3634 quidem
711 3521 965 3634 provinciam
993 3538 1087 3638 post
1111 3553 1239 3612 annos
1260 3539 1429 3610 centum
1449 3525 1494 3608 in
1521 3552 1566 3606 se
1593 3527 1773 3637 suscepit

219 3657 541 3752 FRANClSCVS
561 3655 931 3745 nffimossnussvs
950 3660 1171 3749 anovs
1197 3668 1238 3751 S.
1254 3663 1297 3748 ll.
1318 3665 1342 3748 l
1373 3663 1544 3770 Comes,
1573 3677 1615 3746 et
1632 3663 1773 3775 regiae

222 3798 398 3890 civitatis
417 3795 568 3907 Papiae
589 3794 769 3903 decurio,
797 3796 909 3883 edito
928 3797 1025 3915 justi
1042 3797 1265 3887 voluminis
1283 3829 1420 3917 opere,
1448 3801 1508 3885 sic
1526 3800 1742 3911 inscripto:

310 3931 621 4042 Imperatorum
639 3928 929 4013 Romanorum
956 3937 1215 4018 rrummmata
1244 3965 1272 4016 a
1289 3932 1491 4043 Pompeio
1518 3934 1687 4042 Magno
1717 3933 1779 4013 ad

393 4066 644 4151 Heracleam
664 4061 720 4150 ab
741 4062 898 4177 Adolfir
923 4068 1096 4156 Occone
1116 4077 1219 4158 olim
1239 4091 1461 4186 congesta,
1491 4098 1608 4153 nranc
1626 4073 1776 4183 Augu·

396 4224 555 4291 storum
582 4201 799 4312 iconibus,
826 4220 1047 4320 perpaucis
1076 4211 1625 4324 tarnaco-etvmologiae
1656 4214 1778 4311 notis,

223 4379 227 4386 ·
394 4340 676 4460 pluribusque
693 4348 998 4449 additamentis
1019 4353 1261 4455 illustrata,
1290 4370 1329 4434 et
1351 4368 1490 4434 oracta.
1524 4348 1779 4432 Mediolani

400 4481 789 4575 MDCLXXXIII.
800 4477 890 4600 firl.

270 4685 301 4753 a)
321 4681 369 4740 nd
388 4679 464 4737 Bibl.
483 4697 564 4738 aum.
582 4678 677 4738 una
698 4683 786 4760 pao.
