4012 5370
762 441 994 523 urs-vsvs
1028 449 1254 547 1vu10n.

219 613 366 676 brettum
379 632 455 676 oum
466 608 671 697 pontificem,
688 633 863 699 augurem,
877 621 974 682 sudu·

222 728 288 780 tens
306 717 535 800 Augustulum
548 728 643 779 vocat
658 719 699 801 ⁸).

594 815 614 852 a

490 863 510 898 s
699 859 718 904 s

370 919 555 986 DRVSVS.
595 919 777 985 CAESAR.
812 923 867 984 ΤΙ.
900 922 974 989 AV·

369 1021 512 1086 GVSTI.
550 1021 587 1081 F.
627 1023 697 1086 ΤΗ.
728 1022 829 1087 ΡΟΤ.
858 1025 973 1086 ITER.

371 1126 406 1183 in
424 1126 550 1185 medio:
566 1122 599 1185 S.
617 1122 652 1185 C.

223 1225 399 1288 nurse.
422 1227 528 1303 Caput
547 1226 879 1304 muliebrouelutum.
903 1228 972 1291 ΑΕ.

230 1330 268 1390 11.
291 1330 392 1409 (Mus.
407 1327 519 1406 Caes.)

291 1431 399 1511 Supra
423 1429 457 1489 in
478 1428 584 1490 numis
604 1427 717 1489 Liviac
732 1426 912 1489 uerisimile
929 1426 976 1488 di-

228 1530 280 1604 si,
305 1531 413 1614 capito
431 1549 565 1593 aversae
578 1529 717 1611 proponi
731 1530 855 1591 Liviam
873 1532 975 1592 Drusi

229 1632 351 1708 ariam,
380 1651 445 1716 quo
468 1633 544 1720 ioco
566 1630 642 1694 vide
665 1645 700 1695 et
722 1632 867 1720 reliqua,
882 1654 973 1718 ‚quae

229 1731 270 1800 etl
307 1733 491 1820 praesentis
522 1732 614 1798 uumi
641 1732 839 1820 explicatum
873 1735 976 1822 perti·

228 1847 315 1903 nont.

406 2072 512 2140 Ii'ums'
534 2076 795 2142 restitutionum.

286 2243 340 2306 De
369 2241 421 2305 bis
448 2239 577 2327 egimus
605 2239 682 2308 vot.
703 2241 744 2311 V.
772 2242 807 2306 io
833 2253 971 2309 tractatu

231 2343 394 2429 singulus

354 2560 461 2631 Numi
475 2564 651 2630 commutis
661 2565 843 2649 peregrini

230 2729 329 2797 Numi
355 2732 481 2797 Graeci
487 2756 499 2795 .·

290 2853 427 2915 Exstaut
445 2852 540 2916 aenei
553 2849 729 2916 11.i'ormae
745 2847 866 2936 absque
883 2869 973 2913 men·

233 2954 316 3031 tione
332 2954 442 3032 urbis,
464 2954 608 3018 fabricae
628 2953 803 3030 barbarae,
828 2952 862 3013 iu
879 2954 972 3035 cujus

233 3054 444 3120 describenda
476 3077 590 3120 aversa
619 3057 807 3140 conspirant
840 3074 972 3132 omnes,

234 3178 301 3221 netu
327 3178 365 3222 et

287 3180 375 3326 'liuh
389 3255 421 3320 Γ
421 3257 490 3325 ΕΡ.
507 3253 764 3324 ΚΑῙΣΑΡΕΣ.
787 3258 865 3321 Duo
882 3260 971 3344 cupi·

233 3373 266 3421 tu
280 3364 370 3424 nuda
386 3384 421 3423 se
437 3363 659 3448 respicientia.

288 3463 415 3531 Verum
437 3483 511 3544 pars
538 3460 674 3526 adverse
698 3460 819 3525 misere
836 3453 877 3525 ab
891 3462 970 3525 suti·

234 3565 348 3649 surus
379 3578 570 3648 torquetur,
598 3583 737 3647 quorum
764 3563 870 3628 varias
900 3582 972 3626 sen·

232 3666 342 3730 tectius
357 3665 471 3729 audire
490 3685 592 3747 opere
607 3666 760 3746 pretium.

324 3759 972 3828 Arorzozmnlzarsrrorz·

322 3864 430 3933 Tffl‘.
456 3860 581 3930 ΤῙΟΣ.
629 3870 736 3948 Caput
764 3870 971 3944 laureatum,

319 3971 402 4032 hiric
415 3972 542 4044 lituus,
555 3967 656 4030 illinc
673 3970 862 4049 simpulum.

284 4075 332 4137 its
371 4090 508 4134 numum
538 4069 625 4133 bunc
656 4068 828 4154 descripsit
849 4067 972 4131 More!-

228 4173 286 4236 iius
305 4171 358 4256 b),
395 4172 607 4258 censuitque,
647 4173 797 4235 exhiberi
828 4174 970 4233 Drusum

225 4277 405 4353 imbrem,
447 4275 540 4338 etin
566 4296 680 4340 aversa
710 4274 881 4338 Tiberium
907 4273 972 4337 fra-

1711 479 1781 545 205

1030 630 1135 698 trem,
1182 635 1216 684 et
1253 621 1483 687 Germanicum
1521 626 1623 690 Drusi
1663 629 1778 699 lilium.

1030 721 1217 786 Delineavit
1237 745 1373 786 numum
1399 746 1440 787 ex
1462 746 1575 789 museo
1600 731 1688 813 regis
1707 731 1782 798 Gul-

1030 821 1157 884 liarum.
1190 813 1303 888 Serius
1327 830 1467 890 eundem
1492 830 1633 891 restituit
1651 853 1691 894 ex
1711 854 1779 895 rnu-

1031 942 1088 985 seo
1111 924 1404 1017 §chwa1·zburgico
1421 931 1462 1010 c).
1496 929 1643 993 Eandem
1667 932 1779 999 lectio·

1030 1044 1113 1087 uem·
1144 1026 1300 1111 Belleyus
1340 1051 1381 1093 ex
1417 1053 1517 1095 numo
1554 1034 1778 1100 Pelleriniano

1033 1127 1252 1210 promulgavit
1266 1130 1310 1214 d).

1095 1229 1283 1292 Harduinus
1299 1232 1501 1315 epigraphen
1519 1233 1643 1298 auticae
1662 1257 1703 1298 cx
1722 1261 1779 1301 nu·

1033 1349 1087 1389 mo
1104 1329 1192 1414 regis
1210 1333 1388 1396 Galliarum
1407 1331 1524 1394 eodem
1541 1336 1639 1398 modo
1657 1338 1781 1402 descri-

1034 1431 1096 1506 bit,
1123 1446 1154 1494 st
1176 1434 1209 1493 in
1235 1434 1340 1517 capite
1361 1433 1485 1497 anticae
1510 1436 1653 1498 Drusum
1676 1439 1780 1520 junio·

1033 1550 1123 1607 rem,
1148 1533 1179 1594 in
1197 1535 1320 1618 postica
1334 1531 1481 1618 ejusdem
1499 1537 1599 1599 Drusi
1618 1538 1779 1622 gemellos

1034 1632 1222 1713 Tiberium,
1254 1650 1307 1712 et,
1335 1649 1371 1697 ut
1396 1636 1468 1721 ipse
1497 1637 1636 1702 alterurn
1662 1664 1782 1728 euony-

1031 1754 1120 1796 mum
1136 1736 1296 1819 appellat,
1323 1737 1554 1802 Germanicum
1568 1741 1659 1806 sidet
1674 1745 1715 1826 ο).

1129 1833 1780 1907 ΔΡοΤΣοΣ.ΚΑ1ΣΑΡ,ΑΤΓοΤΣ.

1124 1923 1230 2002 ΤΟΣ.
1261 1938 1370 2021 Typus
1387 1943 1483 2005 idem.

1093 2038 1286 2104 Vaiiluntius
1300 2040 1351 2102 his
1365 2041 1474 2106 verbis
1488 2042 1629 2107 andem
1643 2068 1777 2110 numum

1029 2127 1203 2216 describit,
1222 2155 1256 2202 et
1274 2155 1370 2224 caput
1382 2144 1508 2207 antisse
1526 2166 1599 2210 esse
1616 2148 1716 2209 Drusi
1730 2148 1777 2230 ju·

1030 2237 1149 2316 uioris,
1172 2241 1316 2322 posticae
1334 2245 1437 2326 cupita
1455 2233 1582 2308 Tiberii
1596 2248 1694 2311 Drusi
1707 2249 1777 2329 tilii,

1031 2353 1065 2404 ct
1091 2340 1279 2407 Germanici
1305 2343 1428 2407 adserit
1453 2345 1491 2427 s).
1530 2347 1657 2411 Eodem
1678 2351 1778 2414 modo

959 2477 972 2487 ·
1027 2443 1120 2504 numi
1151 2445 1265 2507 similis
1293 2446 1499 2532 epigraphen
1533 2449 1632 2515 effert
1657 2454 1778 2516 Petrus

1030 2542 1137 2607 Fundi
1160 2562 1274 2611 auctor
1295 2550 1400 2612 musei
1424 2550 1591 2635 Theupoii
1614 2554 1662 2634 u),
1686 2568 1777 2617 utet

1030 2647 1207 2730 Arigonius
1229 2648 1280 2730 h),
1303 2650 1361 2714 sed
1378 2666 1504 2715 certum
1531 2653 1679 2732 videtur,
1711 2677 1778 2718 sm·

1030 2745 1090 2808 bos
1131 2751 1223 2812 nullo
1256 2750 1404 2817 adhibito
1437 2753 1572 2818 criterio
1610 2757 1777 2824 Vaillantii

1030 2851 1241 2931 praeconium
1262 2868 1401 2915 secutus.

1091 2952 1175 3013 'som
1207 2954 1371 3031 Morellii,
1408 2973 1507 3038 quam
1533 2954 1699 3021 Vailhsntii
1729 2957 1805 3020 lo-.

1030 3052 1096 3115 ctio
1113 3052 1186 3134 jure
1213 3068 1363 3140 suspects
1381 3056 1448 3120 risa
1470 3068 1520 3118 est
1539 3076 1657 3140 magno
1675 3058 1775 3141 Span-

1029 3154 1158 3232 11εωί0,
1184 3157 1231 3219 sic
1248 3170 1299 3230 ut,
1325 3157 1369 3220 sd
1393 3170 1501 3220 utrum
1523 3158 1666 3223 Drusum
1689 3160 1777 3223 refe·

1028 3258 1150 3319 sendus
1174 3259 1218 3320 sit
1243 3281 1379 3336 numus,
1413 3256 1569 3322 decidere
1592 3276 1774 3338 vereretur,

1026 3360 1088 3420 etsi
1120 3362 1267 3424 nonnihil
1292 3363 1326 3424 iu
1351 3361 1515 3425 seniorem
1539 3360 1711 3427 inclinaret
1739 3362 1775 3446 i),

1028 3480 1168 3544 eumque
1191 3462 1263 3527 iere
1289 3465 1439 3551 sequitur
1460 3461 1605 3527 Liebcus
1625 3465 1773 3546 ejusdem

1029 3564 1120 3625 numi
1135 3564 1235 3627 index
1250 3564 1294 3648 ¹¹).

1093 3667 1200 3728 Meam
1214 3667 1270 3752 'qui
1285 3665 1325 3728 de
1342 3665 1406 3728 boc
1423 3682 1523 3724 numo
1538 3663 1686 3747 requiret
1701 3671 1773 3729 sen·

1027 3766 1179 3843 tentiam,
1220 3767 1267 3830 sic
1298 3765 1434 3842 habeto,
1472 3784 1653 3850 quanquam
1690 3788 1772 3851 queo

1026 3865 1173 3930 dicturus
1211 3889 1301 3946 sum,
1342 3869 1406 3951 jam
1436 3866 1510 3931 iere
1541 3869 1773 3954 praeceperint

1028 3968 1263 4051 spanhemius,
1296 3984 1333 4033 ct
1365 3968 1520 4034 Liebeus.
1582 3966 1775 4055 Epigrapho⁴

1027 4069 1118 4131 numi
1140 4073 1185 4148 l„
1209 4072 1237 4156 si
1261 4068 1303 4135 de
1319 4072 1430 4134 Druso
1455 4072 1587 4136 seniore
1609 4071 1772 4155 capiatur,

1026 4184 1189 4254 repugnat
1217 4173 1296 4235 fidei
1326 4173 1469 4247 omnium
1499 4186 1561 4236 tam
1583 4192 1772 4235 monumen·

1027 4286 1152 4352 torum,
1188 4295 1286 4359 quam
1321 4274 1570 4348 historicorum
1606 4294 1679 4337 nam
1705 4277 1772 4359 pais

257 4435 288 4503 a)
307 4429 631 4508 DeCol.'1'raj.p.90.
714 4412 1016 4508 b)'‘Specim.p.155.
1098 4434 1129 4501 c)
1149 4431 1245 4506 impp.
1263 4428 1368 4484 domus
1382 4427 1506 4502 August.
1519 4423 1667 4483 Tabh'ss.
1684 4439 1769 4503 ptr

222 4518 255 4593 t)
273 4521 306 4582 s.
318 4519 352 4580 1.
364 4513 570 4599 umens.
586 4521 654 4579 sm.
670 4541 700 4598 p.
713 4534 771 4594 190.

218 4701 251 4773 k)
270 4698 362 4760 Goth.
378 4718 458 4760 uum.
474 4720 505 4780 p.
516 4712 579 4766 sot.

909 4523 939 4591 e)
959 4514 999 4576 ad
1015 4515 1089 4578 Plin.
1100 4511 1170 4578 Ἠ.
1185 4539 1215 4595 p.
1226 4531 1287 4591 ⁷²9·

218 4613 252 4689 s)
268 4619 373 4689 r-sso.
425 4620 455 4656 ²·
522 4610 558 4684 h)
577 4612 664 4669 uum.
680 4602 1040 4676 arausicensem

1425 4516 1454 4585 s)
1474 4489 1560 4578 Nurh.
1577 4513 1683 4573 Graec.
1698 4536 1730 4594 p.
1741 4531 1767 4591 9.

1188 4608 1213 4680 i)
1234 4607 1271 4665 de
1288 4615 1399 4686 preest,
1412 4622 1493 4661 uum.
1508 4602 1593 4662 Tora.
1604 4603 1641 4668 tt
1659 4622 1690 4682 p.
1701 4617 1763 4670 320.
