4012 5370
688 1234 1631 1444 ΡΗΑΕΡᾼΤῑοῳ,ι

221 1707 365 1884 Rem
380 1792 651 1882 monetariam
668 1794 831 1908 imperii
845 1795 1025 1882 Romani
1030 1792 1237 1912 explicare
1255 1801 1484 1916 aggredior,
1515 1833 1602 1920 qun
1617 1780 1780 1896 nullum

218 1940 426 2026 hactenus
446 1933 557 2018 orbis
575 1930 680 2018 vidit
699 1933 939 2046 augustius,
969 1935 1131 2020 nulum
1160 1936 1298 2023 famae
1325 1941 1456 2055 magis
1472 1959 1708 2056 porrectae,
1738 1961 1783 2033 et

218 2077 403 2193 quadam
423 2069 600 2156 nominis
620 2069 915 2182 superstitione
934 2071 1065 2184 magis
1084 2087 1381 2162 consecrattun.
1402 2051 1784 2196 Tomentamplissi-

218 2245 341 2300 mum
360 2208 479 2296 istud
502 2207 697 2292 metitum
723 2234 872 2318 parum
900 2208 953 2291 ad
982 2209 1220 2330 institution
1240 2241 1382 2296 meum
1410 2216 1659 2328 pertineret,
1690 2220 1781 2329 nisi,

221 2363 428 2465 quanttnn
458 2359 598 2431 vetera
634 2344 806 2456 imperia
837 2343 1015 2446 excessit
1043 2346 1226 2458 potentia
1259 2361 1305 2447 et·
1331 2351 1571 2467 majestate,
1615 2355 1782 2443 tantum

220 2490 349 2575 etiam
367 2497 558 2569 monetae
578 2481 806 2595 superstitis
824 2494 869 2565 et
885 2480 1017 2593 copia,
1047 2496 1089 2567 et
1109 2487 1389 2599 praestantia,
1412 2502 1455 2574 et
1484 2491 1686 2578 varietate
1709 2522 1785 2579 ana

218 2628 354 2712 teiret.
384 2624 579 2706 Monetae
595 2617 819 2705 considaris
842 2618 1008 2702 tametsi
1028 2618 1280 2707 incredibilis
1300 2653 1499 2711 numerus
1521 2629 1575 2712 ad
1599 2644 1782 2716 nostram

222 2791 356 2876 tuqtte
379 2775 558 2847 aetatem
583 2756 768 2860 duravit,
798 2769 940 2840 tamen
958 2783 1107 2868 parum
1135 2758 1205 2844 illo
1231 2761 1488 2848 satisfactum
1515 2766 1634 2850 nobis
1660 2781 1781 2880 puta·

223 2929 327 2986 mue.
355 2896 562 3006 Principio
592 2895 726 2980 sohtm
750 2921 819 2976 aes
842 2890 896 2974 ad
923 2891 1120 2980 incudem
1142 2909 1359 3003 vocatum,
1391 2903 1550 3014 argenti
1574 2933 1657 2988 usu
1678 2932 1781 2988 non-

225 3040 302 3124 nisi
333 3040 433 3122 sero'
448 3037 635 3138 invecto,
664 3032 760 3116 auri
787 3034 873 3116 fere
898 3029 1065 3140 ignoto,
1095 3031 1209 3114 nulla
1243 3045 1342 3140 tum
1363 3033 1501 3120 adhuc
1535 3035 1582 3119 in
1604 3049 1782 3148 utroque

227 3179 391 3263 metallo
414 3191 610 3290 typonnn
642 3171 865 3274 varietate,
895 3166 1029 3253 donec
1056 3169 1359 3280 praelectomm
1390 3185 1583 3258 monetae
1609 3172 1780 3280 vanitas,

225 3329 265 3400 et
283 3314 467 3427 jactandi
485 3312 645 3426 generis
663 3307 793 3392 libido
811 3306 966 3394 veteris
983 3305 1254 3422 simplicitatis
1274 3305 1485 3392 fastidium
1504 3310 1667 3394 levavit.
1696 3309 1778 3393 Sed

226 3485 361 3568 neque
388 3456 448 3538 sic
476 3455 776 3565 impetravere,
816 3457 973 3530 utnon
1002 3442 1082 3526 alia
1111 3441 1436 3529 desideraremus
1468 3447 1633 3558 posteri.
1676 3448 1777 3529 Gra-

225 3592 303 3681 tius
331 3593 445 3677 enim
469 3590 588 3675 nobis
614 3578 854 3689 accidisset,
887 3579 1127 3695 praefactis
1150 3578 1350 3693 antiquis,
1380 3581 1514 3694 iisque
1534 3583 1780 3694 plerumque

225 3730 442 3837 fabulosis,
470 3728 613 3813 videre
643 3725 689 3808 in
720 3732 889 3805 moneta
912 3717 1076 3832 publice
1104 3714 1305 3834 imperata
1339 3744 1405 3802 res
1433 3732 1568 3832 gestas
1598 3750 1650 3804 eo
1675 3734 1779 3805 tem·

225 3896 345 3986 pore,
378 3897 460 3982 quo
489 3865 649 3979 signata
670 3859 769 3972 -ipsa
791 3857 897 3961 init,
921 3869 964 3940 et
999 3854 1181 3970 aliquam
1208 3857 1356 3942 saitem
1381 3856 1509 3941 fuisse
1540 3857 1780 3943 adstitutam

225 4023 366 4094 notam
400 3998 756 4114 chronologicam,
786 4021 893 4107 quae
923 3994 1041 4077 mmri
1069 3994 1254 4106 percussi
1288 4006 1487 4103 aetatem,
1516 3995 1661 4080 sinon
1691 4021 1779 4079 cer-

226 4162 308 4234 tam
335 4142 652 4254 delinitamque,
689 4147 734 4220 at
761 4133 907 4217 saltem
932 4131 1114 4216 vicinam
1141 4131 1345 4216 edoceret.
1377 4131 1466 4214 Alia
1497 4133 1575 4216 sub
1603 4133 1781 4244 impera-

225 4286 380 4371 toribus
404 4293 595 4364 monetae
615 4272 752 4358 iacies.
780 4272 950 4354 Praeter
972 4268 1253 4380 promiscuum
1274 4268 1445 4383 triplicis
1469 4267 1623 4352 metalli
1655 4248 1804 4354 usums²

223 4423 363 4509 hahita
390 4420 517 4507 etiam
544 4415 650 4500 ratio
677 4410 904 4526 praesentis
931 4409 1146 4516 fortunae,
1172 4405 1234 4489 rei
1265 4404 1378 4488 domi
1405 4407 1585 4517 forisque
1611 4401 1780 4521 insigni·
1938 4419 1945 4429 ·

224 4575 285 4645 ter
302 4573 463 4675 gestae,
493 4553 727 4641 officiorum
750 4545 944 4662 principis
971 4543 1014 4627 in
1037 4542 1257 4655 populum,
1287 4557 1331 4628 et
1354 4538 1556 4651 vicissim,
1591 4556 1638 4627 et
1653 4560 1778 4658 qliae-

227 4726 389 4812 cunque
423 4696 467 4779 in
498 4692 634 4806 amplo
670 4685 844 4801 imperio
876 4678 1200 4772 admemoriam
1237 4679 1359 4792 digne
1395 4679 1486 4792 geri
1513 4708 1778 4766 consuevere.

1377 4845 1401 4897 a
1433 4827 1453 4889 2>
