<?xml version="1.0" encoding="UTF-8"?>
<!DOCTYPE html PUBLIC "-//W3C//DTD XHTML 1.0 Transitional//EN"
    "http://www.w3.org/TR/xhtml1/DTD/xhtml1-transitional.dtd">
<html xmlns="http://www.w3.org/1999/xhtml" xml:lang="en" lang="en">
 <head>
  <title>
</title>
<meta http-equiv="Content-Type" content="text/html;charset=utf-8" />
  <meta name='ocr-system' content='tesseract 3.04.00' />
  <meta name='ocr-capabilities' content='ocr_page ocr_carea ocr_par ocr_line ocrx_word'/>
</head>
<body>
  <div class='ocr_page' id='page_1' title='image "./doctrinanumorum00steigoog/doctrinanumorum00steigoog_0062.png"; bbox 0 0 3998 5340; ppageno 0'>
   <div class='ocr_carea' id='block_1_1' title="bbox 212 492 1224 588">
    <p class='ocr_par' dir='ltr' id='par_1_1' title="bbox 212 492 1224 588">
     <span class='ocr_line' id='line_1_1' title="bbox 212 492 1224 588; baseline 0.002 -22"><span class='ocrx_word' id='word_1_1' title='bbox 212 521 259 588; x_wconf 77' lang='lat' dir='ltr'><strong>eo</strong></span> <span class='ocrx_word' id='word_1_2' title='bbox 754 494 874 570; x_wconf 81' lang='lat' dir='ltr'><strong>sex.</strong></span> <span class='ocrx_word' id='word_1_3' title='bbox 909 492 1224 573; x_wconf 82' lang='lat' dir='ltr'><strong>eonteutvs.</strong></span> 
     </span>
    </p>
   </div>
   <div class='ocr_carea' id='block_1_2' title="bbox 213 665 1769 4101">
    <p class='ocr_par' dir='ltr' id='par_1_2' title="bbox 213 665 1769 4101">
     <span class='ocr_line' id='line_1_2' title="bbox 214 665 1767 758; baseline -0.005 -23"><span class='ocrx_word' id='word_1_4' title='bbox 214 691 310 758; x_wconf 87' lang='lat' dir='ltr'><strong>quam</strong></span> <span class='ocrx_word' id='word_1_5' title='bbox 333 669 419 754; x_wconf 88' lang='lat' dir='ltr'><strong>apud</strong></span> <span class='ocrx_word' id='word_1_6' title='bbox 446 670 626 753; x_wconf 77' lang='lat' dir='ltr'>Amorgum</span> <span class='ocrx_word' id='word_1_7' title='bbox 656 667 778 752; x_wconf 82' lang='lat' dir='ltr'>aliquot</span> <span class='ocrx_word' id='word_1_8' title='bbox 806 665 958 731; x_wconf 75' lang='lat' dir='ltr'><strong>triremes</strong></span> <span class='ocrx_word' id='word_1_9' title='bbox 1081 667 1170 730; x_wconf 81' lang='lat' dir='ltr'><strong>Pube</strong></span> <span class='ocrx_word' id='word_1_10' title='bbox 1191 676 1307 742; x_wconf 79' lang='lat' dir='ltr'><strong>tenus,</strong></span> <span class='ocrx_word' id='word_1_11' title='bbox 1331 675 1501 748; x_wconf 79' lang='lat' dir='ltr'><strong>postremo</strong></span> <span class='ocrx_word' id='word_1_12' title='bbox 1526 668 1673 730; x_wconf 74' lang='lat' dir='ltr'><strong>immuni</strong></span> <span class='ocrx_word' id='word_1_13' title='bbox 1696 685 1767 730; x_wconf 85' lang='lat' dir='ltr'><strong>eor·</strong></span> 
     </span>
     <span class='ocr_line' id='line_1_3' title="bbox 215 767 1683 858; baseline -0.003 -22"><span class='ocrx_word' id='word_1_14' title='bbox 215 773 394 858; x_wconf 70' lang='lat' dir='ltr'>depressit,</span> <span class='ocrx_word' id='word_1_15' title='bbox 424 772 610 854; x_wconf 84' lang='lat' dir='ltr'><strong>Neptunum</strong></span> <span class='ocrx_word' id='word_1_16' title='bbox 637 789 672 832; x_wconf 84' lang='lat' dir='ltr'><strong>ae</strong></span> <span class='ocrx_word' id='word_1_17' title='bbox 700 767 894 853; x_wconf 78' lang='lat' dir='ltr'><strong>appellavit,</strong></span> <span class='ocrx_word' id='word_1_18' title='bbox 924 783 961 833; x_wconf 91' lang='lat' dir='ltr'><strong>et</strong></span> <span class='ocrx_word' id='word_1_19' title='bbox 1432 787 1515 851; x_wconf 83' lang='lat' dir='ltr'><strong>pore</strong></span> <span class='ocrx_word' id='word_1_20' title='bbox 1530 769 1683 853; x_wconf 66' lang='lat' dir='ltr'><strong>pistris,</strong></span> 
     </span>
     <span class='ocr_line' id='line_1_4' title="bbox 213 869 1766 958; baseline -0.004 -20"><span class='ocrx_word' id='word_1_21' title='bbox 213 874 391 938; x_wconf 79' lang='lat' dir='ltr'><strong>tridentem</strong></span> <span class='ocrx_word' id='word_1_22' title='bbox 411 873 549 958; x_wconf 79' lang='lat' dir='ltr'><strong>geatavit</strong></span> <span class='ocrx_word' id='word_1_23' title='bbox 564 877 604 954; x_wconf 77' lang='lat'><strong>⁸).</strong></span> <span class='ocrx_word' id='word_1_24' title='bbox 1080 869 1283 950; x_wconf 75' lang='lat' dir='ltr'><em>Delphinum</em></span> <span class='ocrx_word' id='word_1_25' title='bbox 1311 869 1437 933; x_wconf 76' lang='lat' dir='ltr'><strong>caudes</strong></span> <span class='ocrx_word' id='word_1_26' title='bbox 1461 880 1558 934; x_wconf 84' lang='lat' dir='ltr'><strong>utere</strong></span> <span class='ocrx_word' id='word_1_27' title='bbox 1584 872 1766 934; x_wconf 76' lang='lat' dir='ltr'><strong>commisse</strong></span> 
     </span>
     <span class='ocr_line' id='line_1_5' title="bbox 276 971 1600 1058; baseline -0.003 -21"><span class='ocrx_word' id='word_1_28' title='bbox 276 975 439 1039; x_wconf 90' lang='lat' dir='ltr'><strong>Denariua</strong></span> <span class='ocrx_word' id='word_1_29' title='bbox 466 978 491 1040; x_wconf 89' lang='grc' dir='ltr'><strong>Ι.</strong></span> <span class='ocrx_word' id='word_1_30' title='bbox 516 986 648 1058; x_wconf 89' lang='lat' dir='ltr'><strong>praeter</strong></span> <span class='ocrx_word' id='word_1_31' title='bbox 673 973 817 1055; x_wconf 81' lang='lat' dir='ltr'><strong>Neptuni</strong></span> <span class='ocrx_word' id='word_1_32' title='bbox 846 985 957 1056; x_wconf 81' lang='lat' dir='ltr'><strong>typum</strong></span> <span class='ocrx_word' id='word_1_33' title='bbox 1435 971 1600 1054; x_wconf 81' lang='lat' dir='ltr'><strong>lnporum.</strong></span> 
     </span>
     <span class='ocr_line' id='line_1_6' title="bbox 213 1070 1764 1160; baseline -0.002 -21"><span class='ocrx_word' id='word_1_34' title='bbox 213 1075 313 1140; x_wconf 88' lang='lat' dir='ltr'><strong>habet</strong></span> <span class='ocrx_word' id='word_1_35' title='bbox 327 1077 445 1141; x_wconf 75' lang='lat' dir='ltr'><strong>framea</strong></span> <span class='ocrx_word' id='word_1_36' title='bbox 461 1077 532 1160; x_wconf 84' lang='lat' dir='ltr'><strong>piox</strong></span> <span class='ocrx_word' id='word_1_37' title='bbox 545 1076 753 1150; x_wconf 80' lang='lat' dir='ltr'><strong>catanenses,</strong></span> <span class='ocrx_word' id='word_1_38' title='bbox 768 1075 823 1158; x_wconf 86' lang='lat' dir='ltr'><strong>qui</strong></span> <span class='ocrx_word' id='word_1_39' title='bbox 838 1093 957 1157; x_wconf 87' lang='lat' dir='ltr'><strong>nempe</strong></span> <span class='ocrx_word' id='word_1_40' title='bbox 1014 1070 1127 1154; x_wconf 77' lang='lat' dir='ltr'><strong>Luper</strong></span> <span class='ocrx_word' id='word_1_41' title='bbox 1142 1072 1300 1156; x_wconf 82' lang='lat' dir='ltr'><strong>appellnt,</strong></span> <span class='ocrx_word' id='word_1_42' title='bbox 1319 1090 1402 1156; x_wconf 80' lang='lat' dir='ltr'><strong>quoa</strong></span> <span class='ocrx_word' id='word_1_43' title='bbox 1416 1092 1435 1134; x_wconf 88' lang='lat' dir='ltr'><strong>a</strong></span> <span class='ocrx_word' id='word_1_44' title='bbox 1450 1070 1587 1135; x_wconf 73' lang='lat' dir='ltr'><strong>canibus</strong></span> <span class='ocrx_word' id='word_1_45' title='bbox 1603 1092 1671 1137; x_wconf 79' lang='lat' dir='ltr'><strong>unu</strong></span> <span class='ocrx_word' id='word_1_46' title='bbox 1686 1072 1764 1137; x_wconf 77' lang='lat' dir='ltr'><strong>ieri·</strong></span> 
     </span>
     <span class='ocr_line' id='line_1_7' title="bbox 214 1169 1624 1261; baseline -0.004 -19"><span class='ocrx_word' id='word_1_47' title='bbox 214 1176 457 1261; x_wconf 87' lang='lat' dir='ltr'><strong>adcognomen</strong></span> <span class='ocrx_word' id='word_1_48' title='bbox 473 1180 529 1241; x_wconf 83' lang='lat' dir='ltr'><strong>Pii</strong></span> <span class='ocrx_word' id='word_1_49' title='bbox 544 1174 709 1240; x_wconf 90' lang='lat' dir='ltr'><strong>adludunt.</strong></span> <span class='ocrx_word' id='word_1_50' title='bbox 733 1177 860 1237; x_wconf 84' lang='lat' dir='ltr'><strong>Horum</strong></span> <span class='ocrx_word' id='word_1_51' title='bbox 875 1196 958 1240; x_wconf 82' lang='lat' dir='ltr'><strong>unua</strong></span> <span class='ocrx_word' id='word_1_52' title='bbox 1015 1186 1062 1237; x_wconf 80' lang='lat' dir='ltr'><strong>tet</strong></span> <span class='ocrx_word' id='word_1_53' title='bbox 1083 1172 1263 1258; x_wconf 86' lang='lat' dir='ltr'><strong>dlatinguit.</strong></span> <span class='ocrx_word' id='word_1_54' title='bbox 1283 1171 1398 1238; x_wconf 77' lang='lat' dir='ltr'><strong>Seniue</strong></span> <span class='ocrx_word' id='word_1_55' title='bbox 1417 1169 1559 1238; x_wconf 74' lang='lat' dir='ltr'><strong>Ouidiua</strong></span> <span class='ocrx_word' id='word_1_56' title='bbox 1571 1173 1624 1257; x_wconf 75' lang='lat'><strong>⁶)=</strong></span> 
     </span>
     <span class='ocr_line' id='line_1_8' title="bbox 214 1275 1765 1361; baseline -0.003 -19"><span class='ocrx_word' id='word_1_57' title='bbox 214 1292 265 1342; x_wconf 80' lang='lat' dir='ltr'><strong>cst</strong></span> <span class='ocrx_word' id='word_1_58' title='bbox 292 1279 391 1342; x_wconf 88' lang='lat' dir='ltr'><strong>etiam</strong></span> <span class='ocrx_word' id='word_1_59' title='bbox 421 1281 455 1340; x_wconf 88' lang='lat' dir='ltr'><strong>in</strong></span> <span class='ocrx_word' id='word_1_60' title='bbox 485 1278 591 1340; x_wconf 86' lang='lat' dir='ltr'><strong>numia</strong></span> <span class='ocrx_word' id='word_1_61' title='bbox 622 1275 728 1358; x_wconf 80' lang='lat' dir='ltr'><strong>gentio</strong></span> <span class='ocrx_word' id='word_1_62' title='bbox 755 1276 958 1352; x_wconf 84' lang='lat' dir='ltr'><strong>Herenniae,</strong></span> <span class='ocrx_word' id='word_1_63' title='bbox 1077 1276 1146 1339; x_wconf 84' lang='lat' dir='ltr'><strong>Illa</strong></span> <span class='ocrx_word' id='word_1_64' title='bbox 1160 1277 1255 1359; x_wconf 78' lang='lat' dir='ltr'><strong>seris</strong></span> <span class='ocrx_word' id='word_1_65' title='bbox 1278 1288 1387 1339; x_wconf 84' lang='lat' dir='ltr'><strong>utrem</strong></span> <span class='ocrx_word' id='word_1_66' title='bbox 1413 1276 1554 1339; x_wconf 64' lang='lat' dir='ltr'><strong>canens</strong></span> <span class='ocrx_word' id='word_1_67' title='bbox 1575 1276 1765 1361; x_wconf 68' lang='lat' dir='ltr'><strong>incingitur</strong></span> 
     </span>
     <span class='ocr_line' id='line_1_9' title="bbox 215 1376 1566 1465; baseline -0.003 -22"><span class='ocrx_word' id='word_1_68' title='bbox 215 1394 354 1465; x_wconf 86' lang='lat' dir='ltr'><strong>uterque</strong></span> <span class='ocrx_word' id='word_1_69' title='bbox 383 1381 417 1440; x_wconf 90' lang='lat' dir='ltr'><strong>in</strong></span> <span class='ocrx_word' id='word_1_70' title='bbox 447 1378 553 1441; x_wconf 84' lang='lat' dir='ltr'><strong>numia</strong></span> <span class='ocrx_word' id='word_1_71' title='bbox 581 1376 737 1452; x_wconf 75' lang='lat' dir='ltr'><strong>Catenae,</strong></span> <span class='ocrx_word' id='word_1_72' title='bbox 769 1398 810 1441; x_wconf 89' lang='lat' dir='ltr'><strong>ex</strong></span> <span class='ocrx_word' id='word_1_73' title='bbox 841 1376 959 1461; x_wconf 84' lang='lat' dir='ltr'><strong>quibua</strong></span> <span class='ocrx_word' id='word_1_74' title='bbox 1436 1376 1566 1454; x_wconf 83' lang='lat' dir='ltr'><strong>oleum,</strong></span> 
     </span>
     <span class='ocr_line' id='line_1_10' title="bbox 215 1477 1465 1562; baseline -0.004 -20"><span class='ocrx_word' id='word_1_75' title='bbox 215 1480 335 1542; x_wconf 81' lang='lat' dir='ltr'><strong>nobilis</strong></span> <span class='ocrx_word' id='word_1_76' title='bbox 370 1479 465 1559; x_wconf 82' lang='lat' dir='ltr'><strong>hujus</strong></span> <span class='ocrx_word' id='word_1_77' title='bbox 501 1478 637 1541; x_wconf 78' lang='lat' dir='ltr'><strong>fratrum</strong></span> <span class='ocrx_word' id='word_1_78' title='bbox 672 1477 758 1562; x_wconf 81' lang='lat' dir='ltr'><strong>peria</strong></span> <span class='ocrx_word' id='word_1_79' title='bbox 793 1477 958 1540; x_wconf 70' lang='lat' dir='ltr'><strong>historiam</strong></span> <span class='ocrx_word' id='word_1_80' title='bbox 1082 1479 1237 1560; x_wconf 82' lang='lat' dir='ltr'><strong>Virginis</strong></span> <span class='ocrx_word' id='word_1_81' title='bbox 1256 1497 1318 1539; x_wconf 81' lang='lat' dir='ltr'><strong>ora</strong></span> <span class='ocrx_word' id='word_1_82' title='bbox 1336 1496 1465 1558; x_wconf 83' lang='lat' dir='ltr'><strong>gerens.</strong></span> 
     </span>
     <span class='ocr_line' id='line_1_11' title="bbox 213 1577 1763 1666; baseline 0.001 -22"><span class='ocrx_word' id='word_1_83' title='bbox 213 1595 302 1666; x_wconf 88' lang='lat' dir='ltr'><strong>pete.</strong></span> <span class='ocrx_word' id='word_1_84' title='bbox 347 1579 510 1643; x_wconf 83' lang='lat' dir='ltr'><strong>Denariue</strong></span> <span class='ocrx_word' id='word_1_85' title='bbox 540 1581 580 1643; x_wconf 92' lang='lat'><strong>11.</strong></span> <span class='ocrx_word' id='word_1_86' title='bbox 611 1580 799 1642; x_wconf 85' lang='lat' dir='ltr'><strong>turriculam</strong></span> <span class='ocrx_word' id='word_1_87' title='bbox 832 1579 960 1642; x_wconf 86' lang='lat' dir='ltr'><strong>triremi</strong></span> <span class='ocrx_word' id='word_1_88' title='bbox 1015 1580 1108 1643; x_wconf 86' lang='lat' dir='ltr'><strong>Haec</strong></span> <span class='ocrx_word' id='word_1_89' title='bbox 1133 1579 1196 1642; x_wconf 78' lang='lat' dir='ltr'><strong>etri</strong></span> <span class='ocrx_word' id='word_1_90' title='bbox 1220 1590 1314 1656; x_wconf 89' lang='lat' dir='ltr'><strong>nota,</strong></span> <span class='ocrx_word' id='word_1_91' title='bbox 1340 1577 1628 1644; x_wconf 84' lang='lat' dir='ltr'><strong>commemoranda</strong></span> <span class='ocrx_word' id='word_1_92' title='bbox 1653 1590 1763 1647; x_wconf 73' lang='lat' dir='ltr'><strong>tenen</strong></span> 
     </span>
     <span class='ocr_line' id='line_1_12' title="bbox 215 1679 1764 1765; baseline 0.001 -21"><span class='ocrx_word' id='word_1_93' title='bbox 215 1681 439 1745; x_wconf 87' lang='lat' dir='ltr'><strong>imminentem</strong></span> <span class='ocrx_word' id='word_1_94' title='bbox 467 1679 618 1757; x_wconf 79' lang='lat' dir='ltr'><strong>exhibet,</strong></span> <span class='ocrx_word' id='word_1_95' title='bbox 648 1701 744 1765; x_wconf 89' lang='lat' dir='ltr'><strong>quam</strong></span> <span class='ocrx_word' id='word_1_96' title='bbox 766 1680 959 1748; x_wconf 84' lang='lat' dir='ltr'><strong>Vaillantina</strong></span> <span class='ocrx_word' id='word_1_97' title='bbox 1015 1679 1227 1760; x_wconf 82' lang='lat' dir='ltr'><strong>ridebantur,</strong></span> <span class='ocrx_word' id='word_1_98' title='bbox 1250 1694 1286 1743; x_wconf 92' lang='lat' dir='ltr'><strong>ut</strong></span> <span class='ocrx_word' id='word_1_99' title='bbox 1311 1679 1472 1743; x_wconf 79' lang='lat' dir='ltr'><strong>artificum</strong></span> <span class='ocrx_word' id='word_1_100' title='bbox 1492 1701 1512 1743; x_wconf 84' lang='lat' dir='ltr'><strong>a</strong></span> <span class='ocrx_word' id='word_1_101' title='bbox 1534 1680 1764 1747; x_wconf 77' lang='lat' dir='ltr'><strong>vetuutiecimia</strong></span> 
     </span>
     <span class='ocr_line' id='line_1_13' title="bbox 213 1781 1766 1868; baseline 0 -22"><span class='ocrx_word' id='word_1_102' title='bbox 213 1783 496 1868; x_wconf 77' lang='lat' dir='ltr'><strong>propugnaculum</strong></span> <span class='ocrx_word' id='word_1_103' title='bbox 542 1783 617 1846; x_wconf 83' lang='lat' dir='ltr'><strong>nari</strong></span> <span class='ocrx_word' id='word_1_104' title='bbox 665 1804 759 1846; x_wconf 88' lang='lat' dir='ltr'><strong>more</strong></span> <span class='ocrx_word' id='word_1_105' title='bbox 809 1796 960 1847; x_wconf 70' lang='lat' dir='ltr'><strong>ueterum</strong></span> <span class='ocrx_word' id='word_1_106' title='bbox 1015 1781 1122 1866; x_wconf 87' lang='lat' dir='ltr'><strong>poetia</strong></span> <span class='ocrx_word' id='word_1_107' title='bbox 1150 1781 1366 1864; x_wconf 68' lang='lat' dir='ltr'><strong>discrepantia</strong></span> <span class='ocrx_word' id='word_1_108' title='bbox 1391 1782 1425 1842; x_wconf 93' lang='lat' dir='ltr'><strong>in</strong></span> <span class='ocrx_word' id='word_1_109' title='bbox 1450 1782 1618 1846; x_wconf 68' lang='lat' dir='ltr'><strong>nonnulli·</strong></span> <span class='ocrx_word' id='word_1_110' title='bbox 1644 1782 1766 1848; x_wconf 85' lang='lat' dir='ltr'><strong>iutelli-</strong></span> 
     </span>
     <span class='ocr_line' id='line_1_14' title="bbox 213 1881 1767 1969; baseline 0.001 -23"><span class='ocrx_word' id='word_1_111' title='bbox 213 1885 416 1969; x_wconf 72' lang='lat' dir='ltr'><strong>impositam,</strong></span> <span class='ocrx_word' id='word_1_112' title='bbox 445 1886 688 1969; x_wconf 80' lang='lat' dir='ltr'><strong>Havercampua</strong></span> <span class='ocrx_word' id='word_1_113' title='bbox 714 1898 961 1947; x_wconf 87' lang='lat' dir='ltr'><strong>monumentum</strong></span> <span class='ocrx_word' id='word_1_114' title='bbox 1019 1896 1123 1965; x_wconf 82' lang='lat' dir='ltr'><strong>gutur,</strong></span> <span class='ocrx_word' id='word_1_115' title='bbox 1140 1904 1236 1967; x_wconf 88' lang='lat' dir='ltr'><strong>quam</strong></span> <span class='ocrx_word' id='word_1_116' title='bbox 1250 1883 1284 1944; x_wconf 91' lang='lat' dir='ltr'><strong>in</strong></span> <span class='ocrx_word' id='word_1_117' title='bbox 1299 1881 1452 1966; x_wconf 86' lang='lat' dir='ltr'><strong>lingenda</strong></span> <span class='ocrx_word' id='word_1_118' title='bbox 1468 1882 1583 1948; x_wconf 85' lang='lat' dir='ltr'><strong>eadem</strong></span> <span class='ocrx_word' id='word_1_119' title='bbox 1598 1883 1663 1948; x_wconf 86' lang='lat' dir='ltr'><strong>bac</strong></span> <span class='ocrx_word' id='word_1_120' title='bbox 1674 1885 1767 1968; x_wconf 74' lang='lat' dir='ltr'><strong>Scyl-</strong></span> 
     </span>
     <span class='ocr_line' id='line_1_15' title="bbox 213 1983 1766 2069; baseline 0.003 -22"><span class='ocrx_word' id='word_1_121' title='bbox 213 1987 248 2047; x_wconf 90' lang='lat' dir='ltr'><strong>in</strong></span> <span class='ocrx_word' id='word_1_122' title='bbox 269 1986 413 2066; x_wconf 88' lang='lat' dir='ltr'><strong>Neptuni</strong></span> <span class='ocrx_word' id='word_1_123' title='bbox 437 1985 598 2048; x_wconf 86' lang='lat' dir='ltr'><strong>honorem</strong></span> <span class='ocrx_word' id='word_1_124' title='bbox 626 1986 660 2045; x_wconf 92' lang='lat' dir='ltr'><strong>in</strong></span> <span class='ocrx_word' id='word_1_125' title='bbox 687 1985 786 2049; x_wconf 88' lang='lat' dir='ltr'><strong>litore</strong></span> <span class='ocrx_word' id='word_1_126' title='bbox 813 2001 960 2050; x_wconf 89' lang='lat' dir='ltr'><strong>erectum</strong></span> <span class='ocrx_word' id='word_1_127' title='bbox 1018 1984 1049 2046; x_wconf 90' lang='lat' dir='ltr'><strong>la</strong></span> <span class='ocrx_word' id='word_1_128' title='bbox 1076 1985 1138 2067; x_wconf 89' lang='lat' dir='ltr'><strong>jam</strong></span> <span class='ocrx_word' id='word_1_129' title='bbox 1166 1983 1308 2049; x_wconf 82' lang='lat' dir='ltr'><strong>advertit</strong></span> <span class='ocrx_word' id='word_1_130' title='bbox 1332 1984 1533 2048; x_wconf 73' lang='lat' dir='ltr'><strong>Themistiua</strong></span> <span class='ocrx_word' id='word_1_131' title='bbox 1554 1984 1591 2069; x_wconf 69' lang='grc' dir='ltr'><strong>ί).</strong></span> <span class='ocrx_word' id='word_1_132' title='bbox 1631 1984 1766 2051; x_wconf 83' lang='lat' dir='ltr'><strong>Similli·</strong></span> 
     </span>
     <span class='ocr_line' id='line_1_16' title="bbox 214 2084 1766 2170; baseline 0.002 -21"><span class='ocrx_word' id='word_1_133' title='bbox 214 2086 389 2151; x_wconf 88' lang='lat' dir='ltr'><strong>exiatimat.</strong></span> <span class='ocrx_word' id='word_1_134' title='bbox 439 2089 620 2170; x_wconf 83' lang='lat' dir='ltr'><strong>Vtrumque</strong></span> <span class='ocrx_word' id='word_1_135' title='bbox 659 2085 829 2149; x_wconf 90' lang='lat' dir='ltr'><strong>incertum.</strong></span> <span class='ocrx_word' id='word_1_136' title='bbox 879 2088 960 2170; x_wconf 79' lang='lat' dir='ltr'><strong>Ejus</strong></span> <span class='ocrx_word' id='word_1_137' title='bbox 1018 2107 1103 2147; x_wconf 87' lang='lat' dir='ltr'><strong>marn</strong></span> <span class='ocrx_word' id='word_1_138' title='bbox 1123 2086 1251 2168; x_wconf 81' lang='lat' dir='ltr'><strong>Scyllae</strong></span> <span class='ocrx_word' id='word_1_139' title='bbox 1270 2084 1444 2170; x_wconf 80' lang='lat' dir='ltr'><strong>imaginem</strong></span> <span class='ocrx_word' id='word_1_140' title='bbox 1464 2084 1563 2150; x_wconf 89' lang='lat' dir='ltr'><strong>habet</strong></span> <span class='ocrx_word' id='word_1_141' title='bbox 1583 2086 1684 2152; x_wconf 84' lang='lat' dir='ltr'><strong>etiam</strong></span> <span class='ocrx_word' id='word_1_142' title='bbox 1708 2110 1766 2151; x_wconf 74' lang='lat' dir='ltr'><strong>uu·</strong></span> 
     </span>
     <span class='ocr_line' id='line_1_17' title="bbox 215 2186 1766 2272; baseline 0 -19"><span class='ocrx_word' id='word_1_143' title='bbox 215 2209 329 2253; x_wconf 74' lang='lat' dir='ltr'><strong>aversa</strong></span> <span class='ocrx_word' id='word_1_144' title='bbox 352 2186 493 2263; x_wconf 83' lang='lat' dir='ltr'><strong>Scyllam</strong></span> <span class='ocrx_word' id='word_1_145' title='bbox 516 2186 651 2249; x_wconf 87' lang='lat' dir='ltr'><strong>horrido</strong></span> <span class='ocrx_word' id='word_1_146' title='bbox 673 2186 783 2264; x_wconf 91' lang='lat' dir='ltr'><strong>culta,</strong></span> <span class='ocrx_word' id='word_1_147' title='bbox 809 2202 842 2251; x_wconf 93' lang='lat' dir='ltr'><strong>et</strong></span> <span class='ocrx_word' id='word_1_148' title='bbox 862 2187 962 2251; x_wconf 91' lang='lat' dir='ltr'><strong>addu·</strong></span> <span class='ocrx_word' id='word_1_149' title='bbox 1017 2209 1089 2250; x_wconf 87' lang='lat' dir='ltr'><strong>mue</strong></span> <span class='ocrx_word' id='word_1_150' title='bbox 1112 2188 1206 2249; x_wconf 79' lang='lat' dir='ltr'><strong>Tarsi</strong></span> <span class='ocrx_word' id='word_1_151' title='bbox 1232 2186 1382 2264; x_wconf 85' lang='lat' dir='ltr'><strong>Ciliciae,</strong></span> <span class='ocrx_word' id='word_1_152' title='bbox 1411 2208 1449 2252; x_wconf 88' lang='lat' dir='ltr'><strong>ae</strong></span> <span class='ocrx_word' id='word_1_153' title='bbox 1470 2188 1649 2272; x_wconf 85' lang='lat' dir='ltr'><strong>praecipue</strong></span> <span class='ocrx_word' id='word_1_154' title='bbox 1671 2192 1766 2255; x_wconf 86' lang='lat' dir='ltr'><strong>numi</strong></span> 
     </span>
     <span class='ocr_line' id='line_1_18' title="bbox 216 2285 1766 2373; baseline 0.003 -22"><span class='ocrx_word' id='word_1_155' title='bbox 216 2304 269 2351; x_wconf 90' lang='lat' dir='ltr'><strong>cto</strong></span> <span class='ocrx_word' id='word_1_156' title='bbox 288 2308 382 2351; x_wconf 90' lang='lat' dir='ltr'><strong>remo</strong></span> <span class='ocrx_word' id='word_1_157' title='bbox 401 2285 495 2350; x_wconf 83' lang='lat' dir='ltr'><strong>ebria</strong></span> <span class='ocrx_word' id='word_1_158' title='bbox 515 2288 697 2368; x_wconf 77' lang='lat' dir='ltr'><strong>pultantem</strong></span> <span class='ocrx_word' id='word_1_159' title='bbox 718 2288 869 2366; x_wconf 85' lang='lat' dir='ltr'><strong>exhibet,</strong></span> <span class='ocrx_word' id='word_1_160' title='bbox 895 2309 959 2373; x_wconf 89' lang='lat' dir='ltr'><strong>quo</strong></span> <span class='ocrx_word' id='word_1_161' title='bbox 1018 2288 1228 2365; x_wconf 75' lang='lat' dir='ltr'><strong>contet-niati,</strong></span> <span class='ocrx_word' id='word_1_162' title='bbox 1253 2289 1379 2371; x_wconf 79' lang='lat' dir='ltr'><strong>Vlyasia</strong></span> <span class='ocrx_word' id='word_1_163' title='bbox 1399 2310 1460 2373; x_wconf 89' lang='lat' dir='ltr'><strong>per</strong></span> <span class='ocrx_word' id='word_1_164' title='bbox 1476 2289 1597 2353; x_wconf 82' lang='lat' dir='ltr'><strong>t&#39;retum</strong></span> <span class='ocrx_word' id='word_1_165' title='bbox 1615 2291 1766 2356; x_wconf 79' lang='lat' dir='ltr'><strong>Siculum</strong></span> 
     </span>
     <span class='ocr_line' id='line_1_19' title="bbox 217 2387 1767 2476; baseline 0.003 -23"><span class='ocrx_word' id='word_1_166' title='bbox 217 2393 335 2454; x_wconf 82' lang='lat' dir='ltr'><strong>Sextua</strong></span> <span class='ocrx_word' id='word_1_167' title='bbox 356 2387 567 2464; x_wconf 89' lang='lat' dir='ltr'><strong>detrimenta,</strong></span> <span class='ocrx_word' id='word_1_168' title='bbox 598 2409 680 2472; x_wconf 88' lang='lat' dir='ltr'><strong>quae</strong></span> <span class='ocrx_word' id='word_1_169' title='bbox 707 2387 903 2454; x_wconf 75' lang='lat' dir='ltr'><strong>Octavianus</strong></span> <span class='ocrx_word' id='word_1_170' title='bbox 926 2392 958 2452; x_wconf 91' lang='lat' dir='ltr'><strong>in</strong></span> <span class='ocrx_word' id='word_1_171' title='bbox 1018 2394 1098 2466; x_wconf 90' lang='lat' dir='ltr'><strong>iter,</strong></span> <span class='ocrx_word' id='word_1_172' title='bbox 1118 2390 1346 2475; x_wconf 70' lang='lat' dir='ltr'><strong>sociorumque</strong></span> <span class='ocrx_word' id='word_1_173' title='bbox 1360 2392 1516 2474; x_wconf 88' lang='lat' dir='ltr'><strong>jacturam</strong></span> <span class='ocrx_word' id='word_1_174' title='bbox 1533 2391 1693 2476; x_wconf 81' lang='lat' dir='ltr'><strong>graphice</strong></span> <span class='ocrx_word' id='word_1_175' title='bbox 1710 2414 1767 2459; x_wconf 84' lang='lat' dir='ltr'><strong>ex·</strong></span> 
     </span>
     <span class='ocr_line' id='line_1_20' title="bbox 213 2490 1768 2579; baseline 0.003 -25"><span class='ocrx_word' id='word_1_176' title='bbox 213 2492 305 2554; x_wconf 72' lang='lat' dir='ltr'><strong>freto</strong></span> <span class='ocrx_word' id='word_1_177' title='bbox 328 2490 440 2553; x_wconf 89' lang='lat' dir='ltr'><strong>Siculo</strong></span> <span class='ocrx_word' id='word_1_178' title='bbox 461 2510 502 2551; x_wconf 93' lang='lat' dir='ltr'><strong>eo</strong></span> <span class='ocrx_word' id='word_1_179' title='bbox 525 2490 600 2572; x_wconf 82' lang='lat' dir='ltr'><strong>ipso</strong></span> <span class='ocrx_word' id='word_1_180' title='bbox 619 2490 711 2565; x_wconf 92' lang='lat' dir='ltr'><strong>loco,</strong></span> <span class='ocrx_word' id='word_1_181' title='bbox 744 2512 809 2574; x_wconf 87' lang='lat' dir='ltr'><strong>quo</strong></span> <span class='ocrx_word' id='word_1_182' title='bbox 832 2491 960 2573; x_wconf 84' lang='lat' dir='ltr'><strong>Scyllae</strong></span> <span class='ocrx_word' id='word_1_183' title='bbox 1018 2493 1217 2576; x_wconf 84' lang='lat' dir='ltr'><strong>primentea,</strong></span> <span class='ocrx_word' id='word_1_184' title='bbox 1243 2505 1277 2554; x_wconf 87' lang='lat' dir='ltr'><strong>et</strong></span> <span class='ocrx_word' id='word_1_185' title='bbox 1301 2493 1417 2558; x_wconf 70' lang='lat' dir='ltr'><strong>similis</strong></span> <span class='ocrx_word' id='word_1_186' title='bbox 1441 2493 1638 2579; x_wconf 80' lang='lat' dir='ltr'><strong>perelegaua</strong></span> <span class='ocrx_word' id='word_1_187' title='bbox 1659 2508 1768 2559; x_wconf 70' lang='lat' dir='ltr'><strong>enatat</strong></span> 
     </span>
     <span class='ocr_line' id='line_1_21' title="bbox 215 2591 1768 2681; baseline 0.003 -25"><span class='ocrx_word' id='word_1_188' title='bbox 215 2592 334 2656; x_wconf 88' lang='lat' dir='ltr'><strong>cubilia</strong></span> <span class='ocrx_word' id='word_1_189' title='bbox 365 2591 476 2665; x_wconf 84' lang='lat' dir='ltr'><strong>suere,</strong></span> <span class='ocrx_word' id='word_1_190' title='bbox 514 2592 656 2673; x_wconf 88' lang='lat' dir='ltr'><strong>accepit,</strong></span> <span class='ocrx_word' id='word_1_191' title='bbox 695 2592 861 2674; x_wconf 80' lang='lat' dir='ltr'><strong>proposita</strong></span> <span class='ocrx_word' id='word_1_192' title='bbox 892 2593 962 2676; x_wconf 86' lang='lat' dir='ltr'><strong>ejua</strong></span> <span class='ocrx_word' id='word_1_193' title='bbox 1018 2594 1105 2655; x_wconf 89' lang='lat' dir='ltr'><strong>inter</strong></span> <span class='ocrx_word' id='word_1_194' title='bbox 1123 2593 1265 2677; x_wconf 81' lang='lat' dir='ltr'><strong>picturas</strong></span> <span class='ocrx_word' id='word_1_195' title='bbox 1282 2594 1546 2659; x_wconf 83' lang='lat' dir='ltr'><strong>Herculanenaea</strong></span> <span class='ocrx_word' id='word_1_196' title='bbox 1562 2596 1605 2678; x_wconf 81' lang='lat' dir='ltr'><strong>t).</strong></span> <span class='ocrx_word' id='word_1_197' title='bbox 1634 2595 1768 2681; x_wconf 67' lang='lat' dir='ltr'><strong>Scyllae</strong></span> 
     </span>
     <span class='ocr_line' id='line_1_22' title="bbox 215 2691 1768 2780; baseline 0.006 -26"><span class='ocrx_word' id='word_1_198' title='bbox 215 2693 353 2755; x_wconf 79' lang='lat' dir='ltr'><strong>monstri</strong></span> <span class='ocrx_word' id='word_1_199' title='bbox 374 2691 515 2774; x_wconf 81' lang='lat' dir='ltr'><strong>imagine</strong></span> <span class='ocrx_word' id='word_1_200' title='bbox 539 2691 581 2753; x_wconf 93' lang='lat' dir='ltr'><strong>ob</strong></span> <span class='ocrx_word' id='word_1_201' title='bbox 604 2693 717 2755; x_wconf 81' lang='lat' dir='ltr'><strong>oculos</strong></span> <span class='ocrx_word' id='word_1_202' title='bbox 738 2692 840 2776; x_wconf 89' lang='lat' dir='ltr'><strong>ponit.</strong></span> <span class='ocrx_word' id='word_1_203' title='bbox 875 2693 961 2760; x_wconf 90' lang='lat' dir='ltr'><strong>Vide</strong></span> <span class='ocrx_word' id='word_1_204' title='bbox 1020 2694 1165 2778; x_wconf 88' lang='lat' dir='ltr'><strong>elligiem</strong></span> <span class='ocrx_word' id='word_1_205' title='bbox 1196 2716 1324 2759; x_wconf 88' lang='lat' dir='ltr'><strong>remum</strong></span> <span class='ocrx_word' id='word_1_206' title='bbox 1354 2697 1418 2760; x_wconf 86' lang='lat' dir='ltr'><strong>alte</strong></span> <span class='ocrx_word' id='word_1_207' title='bbox 1446 2697 1593 2780; x_wconf 80' lang='lat' dir='ltr'><strong>jactantia</strong></span> <span class='ocrx_word' id='word_1_208' title='bbox 1621 2696 1768 2763; x_wconf 71' lang='lat' dir='ltr'><strong>artifice·</strong></span> 
     </span>
     <span class='ocr_line' id='line_1_23' title="bbox 215 2793 1768 2880; baseline 0.007 -24"><span class='ocrx_word' id='word_1_209' title='bbox 215 2796 298 2858; x_wconf 87' lang='lat' dir='ltr'><strong>hano</strong></span> <span class='ocrx_word' id='word_1_210' title='bbox 338 2793 510 2858; x_wconf 78' lang='lat' dir='ltr'><strong>Octaviani</strong></span> <span class='ocrx_word' id='word_1_211' title='bbox 552 2794 678 2857; x_wconf 85' lang='lat' dir='ltr'><strong>cladem</strong></span> <span class='ocrx_word' id='word_1_212' title='bbox 721 2797 807 2879; x_wconf 90' lang='lat' dir='ltr'><strong>apud</strong></span> <span class='ocrx_word' id='word_1_213' title='bbox 844 2795 962 2878; x_wconf 79' lang='lat' dir='ltr'><strong>Appia·</strong></span> <span class='ocrx_word' id='word_1_214' title='bbox 1019 2817 1093 2861; x_wconf 88' lang='lat' dir='ltr'><strong>eum</strong></span> <span class='ocrx_word' id='word_1_215' title='bbox 1129 2798 1235 2880; x_wconf 79' lang='lat' dir='ltr'><strong>poetis</strong></span> <span class='ocrx_word' id='word_1_216' title='bbox 1269 2819 1475 2863; x_wconf 88' lang='lat' dir='ltr'><strong>communem</strong></span> <span class='ocrx_word' id='word_1_217' title='bbox 1508 2798 1667 2866; x_wconf 84' lang='lat' dir='ltr'><strong>habuere.</strong></span> <span class='ocrx_word' id='word_1_218' title='bbox 1712 2800 1768 2867; x_wconf 66' lang='grc' dir='ltr'><strong>Βία</strong></span> 
     </span>
     <span class='ocr_line' id='line_1_24' title="bbox 213 2893 1608 2984; baseline 0.004 -26"><span class='ocrx_word' id='word_1_219' title='bbox 213 2919 292 2958; x_wconf 90' lang='lat' dir='ltr'><strong>nurn</strong></span> <span class='ocrx_word' id='word_1_220' title='bbox 317 2893 362 2979; x_wconf 78' lang='lat'><strong>¹³).</strong></span> <span class='ocrx_word' id='word_1_221' title='bbox 400 2895 451 2956; x_wconf 78' lang='lat' dir='ltr'><strong>Ad</strong></span> <span class='ocrx_word' id='word_1_222' title='bbox 483 2895 621 2959; x_wconf 89' lang='lat' dir='ltr'><strong>eandem</strong></span> <span class='ocrx_word' id='word_1_223' title='bbox 652 2897 798 2980; x_wconf 87' lang='lat' dir='ltr'><strong>pertinet</strong></span> <span class='ocrx_word' id='word_1_224' title='bbox 830 2917 960 2981; x_wconf 87' lang='lat' dir='ltr'><strong>quoque</strong></span> <span class='ocrx_word' id='word_1_225' title='bbox 1019 2917 1138 2980; x_wconf 88' lang='lat' dir='ltr'><strong>nempe</strong></span> <span class='ocrx_word' id='word_1_226' title='bbox 1157 2900 1255 2962; x_wconf 91' lang='lat' dir='ltr'><strong>etiam</strong></span> <span class='ocrx_word' id='word_1_227' title='bbox 1275 2899 1608 2984; x_wconf 70' lang='lat' dir='ltr'><strong>Sylliualtalicuah)t</strong></span> 
     </span>
     <span class='ocr_line' id='line_1_25' title="bbox 215 2996 1768 3087; baseline 0.006 -28"><span class='ocrx_word' id='word_1_228' title='bbox 215 3013 387 3081; x_wconf 88' lang='lat' dir='ltr'><strong>tropaeum</strong></span> <span class='ocrx_word' id='word_1_229' title='bbox 429 2998 544 3061; x_wconf 68' lang='lat' dir='ltr'><strong>narde</strong></span> <span class='ocrx_word' id='word_1_230' title='bbox 588 2997 713 3061; x_wconf 87' lang='lat' dir='ltr'><strong>denarii</strong></span> <span class='ocrx_word' id='word_1_231' title='bbox 756 3002 810 3063; x_wconf 87' lang='grc' dir='ltr'><strong>ΙΙΙ.</strong></span> <span class='ocrx_word' id='word_1_232' title='bbox 872 2996 962 3060; x_wconf 87' lang='lat' dir='ltr'><strong>latud</strong></span> <span class='ocrx_word' id='word_1_233' title='bbox 1086 3001 1202 3083; x_wconf 70' lang='lat' dir='ltr'><strong>Scylla</strong></span> <span class='ocrx_word' id='word_1_234' title='bbox 1216 3005 1446 3086; x_wconf 64' lang='lat' dir='ltr'><strong>repensandi</strong></span> <span class='ocrx_word' id='word_1_235' title='bbox 1457 3015 1675 3083; x_wconf 79' lang='lat' dir='ltr'><strong>contorquens</strong></span> <span class='ocrx_word' id='word_1_236' title='bbox 1685 3024 1768 3087; x_wconf 75' lang='lat' dir='ltr'><strong>pen·</strong></span> 
     </span>
     <span class='ocr_line' id='line_1_26' title="bbox 218 3101 1636 3183; baseline 0.004 -21"><span class='ocrx_word' id='word_1_237' title='bbox 218 3101 326 3180; x_wconf 84' lang='lat' dir='ltr'><strong>Scylla</strong></span> <span class='ocrx_word' id='word_1_238' title='bbox 355 3113 535 3162; x_wconf 82' lang='lat' dir='ltr'><strong>monstrum</strong></span> <span class='ocrx_word' id='word_1_239' title='bbox 563 3101 722 3162; x_wconf 88' lang='lat' dir='ltr'><strong>marinum</strong></span> <span class='ocrx_word' id='word_1_240' title='bbox 745 3102 809 3183; x_wconf 79' lang='lat' dir='ltr'><strong>jann</strong></span> <span class='ocrx_word' id='word_1_241' title='bbox 832 3121 873 3163; x_wconf 87' lang='lat' dir='ltr'><strong>ex</strong></span> <span class='ocrx_word' id='word_1_242' title='bbox 895 3102 962 3161; x_wconf 83' lang='lat' dir='ltr'><strong>llo·</strong></span> <span class='ocrx_word' id='word_1_243' title='bbox 1441 3106 1636 3179; x_wconf 69' lang='lat' dir='ltr'><strong>deretani,</strong></span> 
     </span>
     <span class='ocr_line' id='line_1_27' title="bbox 215 3200 1766 3287; baseline 0.006 -28"><span class='ocrx_word' id='word_1_244' title='bbox 215 3220 310 3261; x_wconf 86' lang='lat' dir='ltr'><strong>mero</strong></span> <span class='ocrx_word' id='word_1_245' title='bbox 339 3201 506 3282; x_wconf 87' lang='lat' dir='ltr'><strong>cognitum</strong></span> <span class='ocrx_word' id='word_1_246' title='bbox 530 3202 578 3278; x_wconf 77' lang='lat' dir='ltr'><strong>c),</strong></span> <span class='ocrx_word' id='word_1_247' title='bbox 613 3200 672 3262; x_wconf 83' lang='lat' dir='ltr'><strong>aed</strong></span> <span class='ocrx_word' id='word_1_248' title='bbox 701 3202 755 3283; x_wconf 91' lang='lat' dir='ltr'><strong>qui</strong></span> <span class='ocrx_word' id='word_1_249' title='bbox 783 3201 832 3263; x_wconf 90' lang='lat' dir='ltr'><strong>illi</strong></span> <span class='ocrx_word' id='word_1_250' title='bbox 859 3201 961 3284; x_wconf 85' lang='lat' dir='ltr'><strong>pedea</strong></span> <span class='ocrx_word' id='word_1_251' title='bbox 1084 3203 1254 3279; x_wconf 76' lang='lat' dir='ltr'><strong>Instabat,</strong></span> <span class='ocrx_word' id='word_1_252' title='bbox 1273 3226 1451 3285; x_wconf 77' lang='lat' dir='ltr'><strong>saevosque</strong></span> <span class='ocrx_word' id='word_1_253' title='bbox 1466 3225 1586 3268; x_wconf 79' lang='lat' dir='ltr'><strong>renunt</strong></span> <span class='ocrx_word' id='word_1_254' title='bbox 1597 3206 1766 3287; x_wconf 72' lang='lat' dir='ltr'><strong>pendebat</strong></span> 
     </span>
     <span class='ocr_line' id='line_1_28' title="bbox 215 3299 1568 3384; baseline 0.007 -25"><span class='ocrx_word' id='word_1_255' title='bbox 215 3301 304 3373; x_wconf 77' lang='lat' dir='ltr'><strong>xit,</strong></span> <span class='ocrx_word' id='word_1_256' title='bbox 328 3314 360 3361; x_wconf 88' lang='lat' dir='ltr'><strong>et</strong></span> <span class='ocrx_word' id='word_1_257' title='bbox 381 3319 438 3361; x_wconf 80' lang='lat' dir='ltr'><strong>sex</strong></span> <span class='ocrx_word' id='word_1_258' title='bbox 457 3299 541 3361; x_wconf 85' lang='lat' dir='ltr'><strong>eolla</strong></span> <span class='ocrx_word' id='word_1_259' title='bbox 561 3301 736 3384; x_wconf 89' lang='lat' dir='ltr'><strong>praelonga</strong></span> <span class='ocrx_word' id='word_1_260' title='bbox 755 3301 891 3365; x_wconf 87' lang='lat' dir='ltr'><strong>totidem</strong></span> <span class='ocrx_word' id='word_1_261' title='bbox 912 3322 963 3366; x_wconf 89' lang='lat' dir='ltr'><strong>ea·</strong></span> <span class='ocrx_word' id='word_1_262' title='bbox 1443 3309 1568 3371; x_wconf 79' lang='lat' dir='ltr'><strong>hictus.</strong></span> 
     </span>
     <span class='ocr_line' id='line_1_29' title="bbox 217 3399 1506 3493; baseline 0.005 -33"><span class='ocrx_word' id='word_1_263' title='bbox 217 3399 339 3484; x_wconf 80' lang='lat' dir='ltr'><strong>pitibuo</strong></span> <span class='ocrx_word' id='word_1_264' title='bbox 357 3399 500 3484; x_wconf 83' lang='lat' dir='ltr'><strong>praelixa</strong></span> <span class='ocrx_word' id='word_1_265' title='bbox 517 3399 630 3462; x_wconf 82' lang='lat' dir='ltr'><strong>tribuit</strong></span> <span class='ocrx_word' id='word_1_266' title='bbox 648 3400 847 3466; x_wconf 85' lang='lat' dir='ltr'><strong>dioximulata</strong></span> <span class='ocrx_word' id='word_1_267' title='bbox 866 3404 964 3487; x_wconf 78' lang='lat' dir='ltr'><strong>virgi·</strong></span> <span class='ocrx_word' id='word_1_268' title='bbox 1282 3451 1301 3488; x_wconf 51' lang='lat' dir='ltr'><strong>g</strong></span> <span class='ocrx_word' id='word_1_269' title='bbox 1385 3407 1404 3444; x_wconf 78' lang='lat'>&#39;</span> <span class='ocrx_word' id='word_1_270' title='bbox 1486 3456 1506 3493; x_wconf 70' lang='lat'><strong>.</strong></span> 
     </span>
     <span class='ocr_line' id='line_1_30' title="bbox 220 3500 1768 3594; baseline 0.009 -32"><span class='ocrx_word' id='word_1_271' title='bbox 220 3502 270 3562; x_wconf 84' lang='lat' dir='ltr'><strong>nia</strong></span> <span class='ocrx_word' id='word_1_272' title='bbox 292 3502 413 3578; x_wconf 83' lang='lat' dir='ltr'><strong>forma,</strong></span> <span class='ocrx_word' id='word_1_273' title='bbox 437 3522 532 3586; x_wconf 85' lang='lat' dir='ltr'><strong>quarn</strong></span> <span class='ocrx_word' id='word_1_274' title='bbox 550 3500 636 3564; x_wconf 90' lang='lat' dir='ltr'><strong>baud</strong></span> <span class='ocrx_word' id='word_1_275' title='bbox 658 3503 756 3567; x_wconf 87' lang='lat' dir='ltr'><strong>dubie</strong></span> <span class='ocrx_word' id='word_1_276' title='bbox 772 3504 890 3569; x_wconf 85' lang='lat' dir='ltr'><strong>Graeci</strong></span> <span class='ocrx_word' id='word_1_277' title='bbox 909 3525 966 3588; x_wconf 92' lang='lat' dir='ltr'><strong>po-</strong></span> <span class='ocrx_word' id='word_1_278' title='bbox 1185 3506 1220 3572; x_wconf 84' lang='lat'><strong>8.</strong></span> <span class='ocrx_word' id='word_1_279' title='bbox 1232 3506 1369 3573; x_wconf 76' lang='lat' dir='ltr'><strong>Ponte.</strong></span> <span class='ocrx_word' id='word_1_280' title='bbox 1381 3510 1496 3594; x_wconf 71' lang='lat' dir='ltr'><strong>¹Cupra</strong></span> <span class='ocrx_word' id='word_1_281' title='bbox 1512 3510 1636 3575; x_wconf 74' lang='lat' dir='ltr'><strong>aueum</strong></span> <span class='ocrx_word' id='word_1_282' title='bbox 1650 3510 1768 3576; x_wconf 66' lang='lat' dir='ltr'><strong>berlo</strong></span> 
     </span>
     <span class='ocr_line' id='line_1_31' title="bbox 218 3603 1270 3688; baseline 0.003 -22"><span class='ocrx_word' id='word_1_283' title='bbox 218 3605 377 3668; x_wconf 84' lang='lat' dir='ltr'><strong>aterioreo</strong></span> <span class='ocrx_word' id='word_1_284' title='bbox 401 3603 585 3687; x_wconf 82' lang='lat' dir='ltr'><strong>elegantiae</strong></span> <span class='ocrx_word' id='word_1_285' title='bbox 606 3605 707 3688; x_wconf 87' lang='lat' dir='ltr'><strong>magia</strong></span> <span class='ocrx_word' id='word_1_286' title='bbox 725 3605 862 3669; x_wconf 81' lang='lat' dir='ltr'><strong>etudioai</strong></span> <span class='ocrx_word' id='word_1_287' title='bbox 878 3605 966 3670; x_wconf 87' lang='lat' dir='ltr'><strong>addi-</strong></span> <span class='ocrx_word' id='word_1_288' title='bbox 1189 3621 1270 3670; x_wconf 83' lang='lat' dir='ltr'><strong>tum.</strong></span> 
     </span>
     <span class='ocr_line' id='line_1_32' title="bbox 216 3705 1768 3795; baseline 0.008 -30"><span class='ocrx_word' id='word_1_289' title='bbox 216 3705 342 3781; x_wconf 86' lang='lat' dir='ltr'><strong>derint,</strong></span> <span class='ocrx_word' id='word_1_290' title='bbox 357 3719 391 3768; x_wconf 92' lang='lat' dir='ltr'><strong>ut</strong></span> <span class='ocrx_word' id='word_1_291' title='bbox 409 3719 636 3790; x_wconf 72' lang='lat' dir='ltr'><strong>argumentum</strong></span> <span class='ocrx_word' id='word_1_292' title='bbox 652 3707 774 3791; x_wconf 84' lang='lat' dir='ltr'><strong>gratiua</strong></span> <span class='ocrx_word' id='word_1_293' title='bbox 791 3708 964 3772; x_wconf 74' lang='lat' dir='ltr'><strong>tumerent.</strong></span> <span class='ocrx_word' id='word_1_294' title='bbox 1026 3710 1107 3775; x_wconf 85' lang='lat' dir='ltr'><strong>Sine</strong></span> <span class='ocrx_word' id='word_1_295' title='bbox 1123 3709 1311 3792; x_wconf 79' lang='lat' dir='ltr'><strong>epigraphe.</strong></span> <span class='ocrx_word' id='word_1_296' title='bbox 1332 3710 1439 3775; x_wconf 65' lang='lat' dir='ltr'><strong>tineis</strong></span> <span class='ocrx_word' id='word_1_297' title='bbox 1457 3724 1612 3795; x_wconf 71' lang='lat' dir='ltr'><strong>tingente</strong></span> <span class='ocrx_word' id='word_1_298' title='bbox 1625 3714 1715 3789; x_wconf 79' lang='lat' dir='ltr'><strong>velo</strong></span> <span class='ocrx_word' id='word_1_299' title='bbox 1732 3719 1768 3779; x_wconf 75' lang='lat' dir='ltr'><strong>ie</strong></span> 
     </span>
     <span class='ocr_line' id='line_1_33' title="bbox 219 3807 1767 3908; baseline 0.008 -42"><span class='ocrx_word' id='word_1_300' title='bbox 219 3807 380 3889; x_wconf 78' lang='lat' dir='ltr'><strong>Scyllae</strong></span> <span class='ocrx_word' id='word_1_301' title='bbox 370 3827 494 3890; x_wconf 80' lang='lat' dir='ltr'><strong>unago,</strong></span> <span class='ocrx_word' id='word_1_302' title='bbox 520 3829 614 3891; x_wconf 87' lang='lat' dir='ltr'><strong>qnam</strong></span> <span class='ocrx_word' id='word_1_303' title='bbox 634 3807 777 3893; x_wconf 83' lang='lat' dir='ltr'><strong>Virgilio</strong></span> <span class='ocrx_word' id='word_1_304' title='bbox 797 3808 965 3884; x_wconf 77' lang='lat' dir='ltr'><strong>tabenna,</strong></span> <span class='ocrx_word' id='word_1_305' title='bbox 1025 3832 1105 3874; x_wconf 81' lang='lat' dir='ltr'><strong>oren</strong></span> <span class='ocrx_word' id='word_1_306' title='bbox 1122 3815 1296 3890; x_wconf 76' lang='lat' dir='ltr'><strong>triquetro.</strong></span> <span class='ocrx_word' id='word_1_307' title='bbox 1316 3810 1388 3879; x_wconf 77' lang='lat' dir='ltr'><strong>AV.</strong></span> <span class='ocrx_word' id='word_1_308' title='bbox 1405 3811 1503 3908; x_wconf 79' lang='lat' dir='ltr'><strong>Quin.</strong></span> <span class='ocrx_word' id='word_1_309' title='bbox 1521 3815 1622 3898; x_wconf 62' lang='lat' dir='ltr'><strong>(flur.</strong></span> <span class='ocrx_word' id='word_1_310' title='bbox 1637 3816 1686 3889; x_wconf 67' lang='lat' dir='ltr'><strong>U.</strong></span> <span class='ocrx_word' id='word_1_311' title='bbox 1702 3817 1767 3881; x_wconf 78' lang='lat' dir='ltr'><strong>Da·</strong></span> 
     </span>
     <span class='ocr_line' id='line_1_34' title="bbox 217 3908 1099 3994; baseline 0.006 -23"><span class='ocrx_word' id='word_1_312' title='bbox 217 3910 272 3993; x_wconf 87' lang='lat' dir='ltr'><strong>qui</strong></span> <span class='ocrx_word' id='word_1_313' title='bbox 296 3929 367 3971; x_wconf 90' lang='lat' dir='ltr'><strong>eam</strong></span> <span class='ocrx_word' id='word_1_314' title='bbox 391 3929 458 3971; x_wconf 91' lang='lat' dir='ltr'><strong>non</strong></span> <span class='ocrx_word' id='word_1_315' title='bbox 477 3908 589 3970; x_wconf 79' lang='lat' dir='ltr'><strong>multix</strong></span> <span class='ocrx_word' id='word_1_316' title='bbox 610 3923 686 3993; x_wconf 83' lang='lat' dir='ltr'><strong>poet</strong></span> <span class='ocrx_word' id='word_1_317' title='bbox 706 3930 801 3973; x_wconf 78' lang='lat' dir='ltr'><strong>cusos</strong></span> <span class='ocrx_word' id='word_1_318' title='bbox 826 3910 887 3974; x_wconf 86' lang='lat' dir='ltr'><strong>boa</strong></span> <span class='ocrx_word' id='word_1_319' title='bbox 908 3932 967 3973; x_wconf 81' lang='lat' dir='ltr'><strong>nu·</strong></span> <span class='ocrx_word' id='word_1_320' title='bbox 1025 3912 1099 3994; x_wconf 79' lang='lat' dir='ltr'><strong>cie)</strong></span> 
     </span>
     <span class='ocr_line' id='line_1_35' title="bbox 216 4009 1769 4101; baseline 0.006 -29"><span class='ocrx_word' id='word_1_321' title='bbox 216 4031 288 4073; x_wconf 83' lang='lat' dir='ltr'><strong>moa</strong></span> <span class='ocrx_word' id='word_1_322' title='bbox 314 4009 406 4072; x_wconf 84' lang='lat' dir='ltr'><strong>annia</strong></span> <span class='ocrx_word' id='word_1_323' title='bbox 431 4009 597 4091; x_wconf 82' lang='lat' dir='ltr'><strong>pinxerat,</strong></span> <span class='ocrx_word' id='word_1_324' title='bbox 625 4009 729 4095; x_wconf 81' lang='lat' dir='ltr'><strong>magia</strong></span> <span class='ocrx_word' id='word_1_325' title='bbox 756 4030 830 4074; x_wconf 89' lang='lat' dir='ltr'><strong>cum</strong></span> <span class='ocrx_word' id='word_1_326' title='bbox 857 4013 964 4076; x_wconf 84' lang='lat' dir='ltr'><strong>numia</strong></span> <span class='ocrx_word' id='word_1_327' title='bbox 1185 4010 1769 4101; x_wconf 71' lang='lat' dir='ltr'><strong>tttG.Ptv8.1ttP.tt⁸Ett.c0par</strong></span> 
     </span>
    </p>
   </div>
   <div class='ocr_carea' id='block_1_3' title="bbox 216 4107 1768 4298">
    <p class='ocr_par' dir='ltr' id='par_1_3' title="bbox 216 4107 1768 4298">
     <span class='ocr_line' id='line_1_36' title="bbox 216 4107 1768 4194; baseline 0.006 -20"><span class='ocrx_word' id='word_1_328' title='bbox 216 4110 381 4194; x_wconf 85' lang='lat' dir='ltr'><strong>conapirat</strong></span> <span class='ocrx_word' id='word_1_329' title='bbox 395 4107 444 4190; x_wconf 65' lang='lat'><strong>⁶¹).</strong></span> <span class='ocrx_word' id='word_1_330' title='bbox 1186 4121 1309 4181; x_wconf 79' lang='lat' dir='ltr'><strong>nudum</strong></span> <span class='ocrx_word' id='word_1_331' title='bbox 1327 4122 1473 4184; x_wconf 78' lang='lat' dir='ltr'><strong>modeste</strong></span> <span class='ocrx_word' id='word_1_332' title='bbox 1485 4119 1660 4183; x_wconf 73' lang='lat' dir='ltr'><strong>tartarea·</strong></span> <span class='ocrx_word' id='word_1_333' title='bbox 1674 4122 1768 4185; x_wconf 80' lang='lat' dir='ltr'><strong>intra</strong></span> 
     </span>
     <span class='ocr_line' id='line_1_37' title="bbox 281 4210 1526 4298; baseline 0.004 -23"><span class='ocrx_word' id='word_1_334' title='bbox 281 4215 394 4275; x_wconf 82' lang='lat' dir='ltr'><strong>Prima</strong></span> <span class='ocrx_word' id='word_1_335' title='bbox 408 4210 556 4274; x_wconf 77' lang='lat' dir='ltr'><strong>hominis</strong></span> <span class='ocrx_word' id='word_1_336' title='bbox 562 4212 693 4296; x_wconf 78' lang='lat' dir='ltr'><strong>socies,</strong></span> <span class='ocrx_word' id='word_1_337' title='bbox 708 4223 741 4274; x_wconf 84' lang='lat' dir='ltr'><strong>et</strong></span> <span class='ocrx_word' id='word_1_338' title='bbox 755 4212 896 4292; x_wconf 76' lang='lat' dir='ltr'><strong>putenm</strong></span> <span class='ocrx_word' id='word_1_339' title='bbox 910 4235 964 4295; x_wconf 81' lang='lat' dir='ltr'><strong>pe·</strong></span> <span class='ocrx_word' id='word_1_340' title='bbox 1184 4239 1340 4283; x_wconf 81' lang='lat' dir='ltr'><strong>eoronam</strong></span> <span class='ocrx_word' id='word_1_341' title='bbox 1357 4240 1526 4298; x_wconf 74' lang='lat' dir='ltr'><strong>quereum.</strong></span> 
     </span>
    </p>
   </div>
   <div class='ocr_carea' id='block_1_4' title="bbox 591 4316 1765 4397">
    <p class='ocr_par' dir='ltr' id='par_1_4' title="bbox 591 4316 1765 4397">
     <span class='ocr_line' id='line_1_38' title="bbox 591 4316 1765 4397; baseline 0.014 -25"><span class='ocrx_word' id='word_1_342' title='bbox 591 4384 596 4397; x_wconf 33' lang='lat'>¹</span> <span class='ocrx_word' id='word_1_343' title='bbox 676 4325 767 4376; x_wconf 87' lang='lat' dir='ltr'><strong>ctore</strong></span> <span class='ocrx_word' id='word_1_344' title='bbox 783 4316 877 4397; x_wconf 74' lang='lat' dir='ltr'><strong>virgo</strong></span> <span class='ocrx_word' id='word_1_345' title='bbox 1020 4317 1178 4395; x_wconf 67' lang='lat' dir='ltr'><strong>enter.</strong></span> <span class='ocrx_word' id='word_1_346' title='bbox 1207 4320 1327 4384; x_wconf 59' lang='grc' dir='ltr'><strong>(ΕΑΒ.</strong></span> <span class='ocrx_word' id='word_1_347' title='bbox 1355 4321 1427 4385; x_wconf 77' lang='grc' dir='ltr'><strong>ΕΤ.</strong></span> <span class='ocrx_word' id='word_1_348' title='bbox 1457 4319 1592 4386; x_wconf 76' lang='lat' dir='ltr'><strong>ottae.</strong></span> <span class='ocrx_word' id='word_1_349' title='bbox 1612 4320 1765 4387; x_wconf 71' lang='lat' dir='ltr'><strong>ssllss&#39;.</strong></span> 
     </span>
    </p>
   </div>
   <div class='ocr_carea' id='block_1_5' title="bbox 254 4551 1761 4637">
    <p class='ocr_par' dir='ltr' id='par_1_5' title="bbox 254 4551 1761 4637">
     <span class='ocr_line' id='line_1_39' title="bbox 254 4551 1761 4637; baseline 0.009 -27"><span class='ocrx_word' id='word_1_350' title='bbox 254 4558 287 4626; x_wconf 88' lang='lat' dir='ltr'><strong>a)</strong></span> <span class='ocrx_word' id='word_1_351' title='bbox 305 4555 380 4611; x_wconf 83' lang='lat' dir='ltr'><strong>Plut.</strong></span> <span class='ocrx_word' id='word_1_352' title='bbox 400 4555 438 4611; x_wconf 89' lang='lat' dir='ltr'><strong>dc</strong></span> <span class='ocrx_word' id='word_1_353' title='bbox 458 4554 525 4611; x_wconf 83' lang='lat' dir='ltr'><strong>sort.</strong></span> <span class='ocrx_word' id='word_1_354' title='bbox 539 4551 619 4609; x_wconf 78' lang='lat' dir='ltr'><strong>Alex.</strong></span> <span class='ocrx_word' id='word_1_355' title='bbox 638 4570 680 4610; x_wconf 88' lang='lat' dir='ltr'><strong>or.</strong></span> <span class='ocrx_word' id='word_1_356' title='bbox 694 4567 721 4616; x_wconf 77' lang='lat'><strong>2.</strong></span> <span class='ocrx_word' id='word_1_357' title='bbox 795 4557 831 4627; x_wconf 76' lang='lat' dir='ltr'><strong>b)</strong></span> <span class='ocrx_word' id='word_1_358' title='bbox 852 4555 924 4613; x_wconf 86' lang='lat' dir='ltr'><strong>llell.</strong></span> <span class='ocrx_word' id='word_1_359' title='bbox 945 4556 1001 4613; x_wconf 81' lang='lat' dir='ltr'><strong>civ.</strong></span> <span class='ocrx_word' id='word_1_360' title='bbox 1018 4556 1050 4616; x_wconf 81' lang='lat'><strong>1..</strong></span> <span class='ocrx_word' id='word_1_361' title='bbox 1067 4558 1103 4616; x_wconf 83' lang='lat' dir='ltr'><strong>V.</strong></span> <span class='ocrx_word' id='word_1_362' title='bbox 1121 4579 1146 4617; x_wconf 86' lang='lat' dir='ltr'><strong>o.</strong></span> <span class='ocrx_word' id='word_1_363' title='bbox 1160 4570 1205 4625; x_wconf 68' lang='lat' dir='ltr'><strong>et.</strong></span> <span class='ocrx_word' id='word_1_364' title='bbox 1281 4560 1559 4636; x_wconf 71' lang='lat' dir='ltr'><strong>clOdyxs..ll.85.</strong></span> <span class='ocrx_word' id='word_1_365' title='bbox 1635 4563 1761 4637; x_wconf 66' lang='grc' dir='ltr'><strong>(Μαι.</strong></span> 
     </span>
    </p>
   </div>
   <div class='ocr_carea' id='block_1_6' title="bbox 213 4643 1764 4791">
    <p class='ocr_par' dir='ltr' id='par_1_6' title="bbox 213 4643 1764 4791">
     <span class='ocr_line' id='line_1_40' title="bbox 213 4643 1764 4789; baseline 0.008 -88"><span class='ocrx_word' id='word_1_366' title='bbox 213 4646 341 4789; x_wconf 56' lang='lat' dir='ltr'><strong>ttttpe</strong></span> <span class='ocrx_word' id='word_1_367' title='bbox 414 4649 442 4711; x_wconf 71' lang='grc' dir='ltr'><strong>οξ</strong></span> <span class='ocrx_word' id='word_1_368' title='bbox 467 4643 748 4708; x_wconf 62' lang='lat' dir='ltr'><strong>trementum</strong></span> <span class='ocrx_word' id='word_1_369' title='bbox 824 4644 1055 4715; x_wconf 70' lang='lat' dir='ltr'><strong>coeatmt.</strong></span> <span class='ocrx_word' id='word_1_370' title='bbox 1074 4660 1180 4725; x_wconf 70' lang='lat' dir='ltr'><strong>puto.</strong></span> <span class='ocrx_word' id='word_1_371' title='bbox 1254 4653 1287 4728; x_wconf 65' lang='lat' dir='ltr'><strong>g)</strong></span> <span class='ocrx_word' id='word_1_372' title='bbox 1307 4650 1587 4715; x_wconf 62' lang='lat' dir='ltr'><strong>remittebat.</strong></span> <span class='ocrx_word' id='word_1_373' title='bbox 1661 4655 1764 4729; x_wconf 67' lang='lat' dir='ltr'><strong>meu</strong></span> 
     </span>
     <span class='ocr_line' id='line_1_41' title="bbox 216 4741 404 4791; baseline -0.005 -5"><span class='ocrx_word' id='word_1_374' title='bbox 216 4753 273 4787; x_wconf 82' lang='lat' dir='ltr'><strong>ute.</strong></span> <span class='ocrx_word' id='word_1_375' title='bbox 318 4741 404 4791; x_wconf 75' lang='lat' dir='ltr'><strong>.t55.</strong></span> 
     </span>
    </p>
   </div>
   <div class='ocr_carea' id='block_1_7' title="bbox 0 0 2006 5340">
    <p class='ocr_par' dir='ltr' id='par_1_7' title="bbox 0 0 2006 5340">
     <span class='ocr_line' id='line_1_42' title="bbox 0 0 2006 5340; baseline 0 0"><span class='ocrx_word' id='word_1_376' title='bbox 0 0 2006 5340; x_wconf 95' lang='lat' dir='ltr'><strong> </strong></span> 
     </span>
    </p>
   </div>
  </div>
 </body>
</html>
