3998 5340
720 423 1077 505 aversore.
1388 537 1391 540 ᾖ
1616 456 1662 524 8,

113 600 299 666 Postea-iuri
320 595 402 662 haic
428 615 514 660 anno
541 611 750 682 praesentem
774 598 862 662 hunc
920 598 1015 660 SAR.
1029 599 1132 668 mvl.
1145 599 1187 669 F.
1207 599 1259 663 Ex
1275 621 1340 688 qno
1355 603 1501 690 cciiigo,
1514 605 1660 670 Octavia.

114 702 284 767 denarium
319 698 569 764 adcommodant
602 720 734 785 quoque
768 699 864 762 Nori·
919 723 997 763 num
1017 701 1165 784 jamtum
1182 716 1230 765 sat
1246 718 1413 786 potentem
1432 730 1524 770 usum
1545 722 1662 794 sponte

111 803 242 886 sius1),
263 814 299 866 et
314 801 510 870 Vaillantius
523 799 573 880 ¹³),
597 800 657 862 sed
677 822 863 884 perperam,
921 823 962 865 eo
983 803 1176 887 privilegio,
1199 803 1286 887 quod
1302 808 1386 887 patri
1405 807 1663 893 Iulio,‡eju‘sqnc
1780 819 1782 822 ’

111 919 147 969 nt
164 903 331 970 ostendam
349 901 433 962 infra
450 901 484 961 in
503 902 729 967 controversia
745 902 787 966 da
805 902 864 966 ite·
920 902 996 964 filiis
1017 926 1035 965 a
1055 919 1168 967 senatu
1188 904 1358 968 decretum
1378 905 1476 970 modo
1496 929 1536 970 ex
1555 911 1664 974 Dione

113 1008 246 1074 ratione
259 1004 373 1069 tituli
364 1002 583 1086 imperatoris.
917 1003 1076 1081 vidimus,
1102 1006 1252 1068 omisisse
1275 1020 1383 1070 tamen
1403 1007 1489 1070 iorto
1510 1007 1665 1091 subinde,

477 1103 497 1140 *
916 1103 1004 1188 quod
1030 1104 1224 1168 invidiosum
1244 1106 1428 1185 videretur,
1450 1122 1485 1172 et
1505 1109 1593 1194 quod
1615 1131 1668 1175 re·

255 1149 439 1270 CAESdR.
471 1205 575 1273 DIVI.
607 1207 646 1269 F.
676 1205 772 1272 008.
802 1205 859 1274 Vl.
918 1225 997 1270 vera
1015 1217 1082 1267 tum
1104 1227 1247 1270 summac
1270 1208 1322 1270 rei
1342 1229 1411 1270 non
1429 1225 1597 1293 praeesset
1615 1231 1668 1276 ao·

239 1310 348 1388 Caput
361 1309 483 1369 nudum
498 1307 641 1384 subjecto
657 1312 860 1391 capricorno.
918 1307 990 1384 lus,
1017 1320 1169 1392 utroquo
1184 1311 1290 1373 adhuc
1312 1310 1451 1394 conlega
1473 1313 1590 1376 lilriro
1612 1334 1665 1374 su·

114 1407 338 1473 AEGYPTO.
365 1408 519 1474 CAPTA.
553 1409 757 1471 Crocodilus.
788 1408 859 1472 AR.
918 1406 1066 1491 perstite.
1116 1410 1202 1474 Sanc
1242 1412 1414 1474 Caesarem
1456 1411 1664 1495 imperatoris

116 1511 240 1575 obvius.
268 1510 446 1573 Restitutua
471 1532 489 1573 a
510 1508 679 1592 'F‘rajano
670 1531 703 1570 ιιι
726 1510 797 1579 AV.
826 1523 861 1573 et
916 1530 1117 1594 praenomen
1146 1515 1219 1576 urite
1249 1511 1335 1575 hunc
1366 1533 1484 1576 annum
1514 1514 1663 1597 legitime
1704 1509 1708 1518 ²

115 1615 186 1676 An.
209 1613 500 1694 (Vaili.Morelli.)
916 1631 982 1673 non
1015 1610 1185 1690 hahuisse,
1223 1626 1358 1696 apparet
1393 1634 1434 1675 ex
1462 1602 1664 1678 Maecenatis

178 1716 318 1776 Numum
342 1715 430 1776 hunc
452 1713 613 1797 signatum
638 1709 740 1775 fuisse
762 1712 804 1780 V.
822 1713 859 1778 C.
918 1711 1064 1775 oratione
1088 1713 1128 1776 ad
1146 1709 1324 1777 Caesarem
1353 1713 1470 1777 eodem
1492 1715 1555 1779 hoc
1578 1733 1664 1779 anno

115 1816 196 1897 726,
231 1815 434 1878 demonstrat
466 1813 642 1896 inscriptus
671 1813 859 1875 consulatue
919 1817 982 1896 725
1014 1813 1140 1892 habita,
1179 1837 1241 1900 qua
1273 1816 1305 1878 ei
1338 1835 1430 1898 spem
1460 1814 1556 1892 facit,
1590 1815 1665 1879 fore

113 1919 171 1983 vl.
207 1918 358 1981 Renorut
386 1936 469 1999 ergo
498 1914 689 1976 memoriam
718 1914 861 1998 Aegypti
919 1929 956 1977 ut
981 1916 1175 2001 propediem
1201 1930 1338 1999 paterno
1359 1915 1567 1999 imperatoris
1593 1915 1668 1978 titu-

113 2030 188 2081 ante
207 2017 376 2080 biennium
396 2030 525 2099 captae,
548 2027 582 2078 et
597 2036 710 2079 mense
728 2015 861 2099 quidem
918 2018 954 2079 lo
982 2040 1001 2079 a
1027 2012 1141 2080 senatu
1168 2017 1345 2080 decoretur
1367 2017 1404 2100 s).
1445 2018 1527 2080 Cum
1548 2016 1666 2079 Diouis

114 2119 247 2196 Sextili,
271 2117 551 2204 quaecauaasuit
570 2138 631 2180 una
653 2116 860 2200 expluribus
918 2118 1106 2181 testimonio
1132 2117 1303 2202 praeclaro
1334 2119 1499 2203 conspirat
1523 2140 1672 2194 marmor,

112 2220 201 2297 aliis,
219 2242 279 2283 cur
294 2221 327 2284 ei
345 2220 449 2284 mensi
470 2218 578 2280 datum
594 2218 696 2280 fuerit
710 2221 862 2299 Augusti
918 2219 993 2282 anni
1014 2221 1056 2286 V.
1080 2220 1116 2285 C.
1140 2220 1221 2301 725,
1250 2219 1339 2303 quod
1369 2221 1485 2302 paullo
1506 2243 1603 2304 supra
1626 2241 1668 2283 ex
1797 2248 1798 2252 ¹

113 2342 233 2385 nomen
250 2323 291 2403 c).
313 2324 364 2384 De
383 2320 576 2405 capricorno
593 2340 729 2406 agemus
748 2318 789 2382 ad
807 2340 860 2382 an·
917 2321 1038 2404 Pighio
1064 2321 1216 2395 recitavi,
1246 2322 1281 2382 in
1308 2341 1372 2404 quo
1401 2321 1543 2405 legitur:
1577 2323 1666 2383 lMP.

112 2445 191 2487 num
207 2427 249 2494 V.
267 2425 404 2507 0:743..
918 2422 1117 2484 causent.
1168 2423 1272 2488 DIVI.
1323 2424 1426 2489 lvci:
1480 2424 1519 2503 F.
1572 2422 1667 2487 COS.

375 2551 397 2591 a
481 2507 502 2544 '⁵
584 2551 606 2590 a
919 2521 1213 2614 erinaceos.
1235 2523 1380 2586 nnsm.
1402 2524 1496 2584 sax.
1519 2524 1667 2587 Natalem

170 2625 274 2692 Numi
300 2629 481 2692 Octaviani
501 2645 575 2686 cum
593 2626 807 2706 praenomine
918 2623 1015 2706 hujus
1048 2624 1136 2687 tituli
1170 2626 1278 2690 statuit
1310 2624 1449 2692 Ovidius
1479 2627 1574 2692 XVI.
1595 2626 1667 2690 ltsl.

316 2724 663 2790 IMPERATORIS.
919 2726 1089 2808 Majast):
1218 2779 1225 2784 .
1648 2762 1689 2785 k

179 2831 276 2889 Anno
296 2829 337 2894 V.
357 2828 393 2890 C.
413 2831 476 2911 725
500 2829 672 2888 Caesarem
697 2822 863 2906 accepisse
967 2810 1084 2887 'Hanc
1103 2826 1273 2904 'quondam
1299 2827 1463 2909 Cytheren
1485 2829 1572 2889 diem
1594 2848 1669 2910 pro·

116 2951 239 2992 nomen
278 2931 488 3010 imperatoris
523 2927 572 2990 his
612 2926 723 2993 verbis
760 2925 866 2986 refert
1334 2929 1584 3009 ‘perantiusirc
1612 2960 1614 2964 ⁸

116 3033 187 3094 Dio
204 3029 255 3111 dt:
279 3031 405 3091 Eodem
425 3049 513 3091 enno
534 3033 637 3093 etiam
656 3026 867 3091 IMPEHA·
1025 3024 1157 3103 Iussit,
1180 3036 1216 3086 ct
1241 3025 1408 3094 aetherios
1429 3029 1669 3110 praecipitauit

121 3131 262 3197 Totus
281 3152 400 3194 nomen
419 3135 572 3210 occepit,
587 3154 651 3194 non
672 3131 770 3212 quale
788 3148 870 3210 pro-1
1341 3147 1459 3207 equos.

110 3247 187 3320 pter
205 3235 382 3296 uictoriam
404 3232 510 3293 tribui
530 3254 620 3294 more
637 3245 765 3295 vetusto
780 3231 864 3293 solc-
985 3230 1032 3293 Vt
1044 3228 1183 3290 titulum
1195 3229 1329 3312 imperii
1340 3231 1582 3313 quamprimum
1595 3230 1670 3296 luco

114 3340 218 3412 bat,-
229 3368 243 3384 ·
254 3336 345 3396 -scd
362 3353 431 3412 quo-
442 3354 575 3396 summo-
586 3336 718 3415 imperii
733 3334 869 3394 demon·
1342 3334 1494 3409 sequenti

114 3450 303 3510 scrutetur,
317 3437 405 3516 quod
421 3439 514 3515 porri
532 3453 659 3514 quoque
675 3435 745 3510 ejus
759 3432 869 3509 Iulio,
1026 3429 1188 3514 Augusto
1204 3431 1320 3513 preveni
1332 3451 1489 3511 prospero
1506 3428 1594 3492 bella
1612 3431 1672 3491 do·

115 3552 150 3603 et
171 3541 241 3617 ejus
252 3534 345 3620 filiis
365 3538 600 3615 nepotibusque
609 3536 732 3617 fueret
755 3535 863 3595 decre·
908 3598 914 3609 ‚
1344 3543 1436 3593 rent.-

116 3654 198 3704 rum.
220 3641 312 3721 Ergo
325 3634 682 3729 nomine-imperatoria
700 3634 753 3698 hic
768 3634 866 3698 intel·
1182 3661 1203 3700 s
1286 3613 1306 3653 ³

1390 3662 1410 3701 .
1479 3679 1482 3684 .

116 3739 228 3822 ligitur
243 3739 355 3801 titulus
369 3737 470 3798 instar
483 3740 773 3819 praenominis,nt
789 3757 864 3799 eum
1084 3734 1175 3803 IMP.
1194 3733 1377 3797 CAESAR.
1396 3734 1498 3802 DIVI.
1515 3733 1554 3797 F.
1574 3733 1669 3799 COS.

116 3856 212 3906 vocat
234 3838 471 3920 sustentasset
496 3840 540 3899 Aa
563 3857 645 3903 vcro
664 3839 727 3922 jam
749 3837 784 3898 iu
806 3859 864 3898 nu·
1084 3835 1498 3902 V1.L1BERTATIS.P.
1520 3838 1560 3900 R.
1580 3837 1671 3904 VIN·

117 3943 178 4006 mis
193 3940 363 4005 Octaviani
382 3938 421 4001 ab
443 3940 534 4011 annis
554 3943 646 4008 V.C.
662 3942 724 4024 715
742 3974 786 3985 -
801 3939 863 4020 718
1081 3937 1185 4004 Dm
1210 3943 1318 4024 Caput
1336 3939 1536 4000 [cursorum.

117 4043 250 4128 signatis
291 4039 376 4104 istud
416 4041 624 4124 imperatoris
663 4061 862 4126 praenomen
911 4038 1019 4122 PAX.
1044 4040 1174 4102 Μιιίἱσν
1192 4055 1288 4104 stans
1306 4043 1338 4102 d.
1355 4042 1551 4116 caduceum,
1568 4039 1671 4117 juxto

118 4157 301 4234 comparet,
337 4142 462 4224 scripto
495 4162 616 4224 nempe
644 4147 735 4211 ΙΜΡ.
764 4144 864 4209 CAE·
921 4162 1007 4218 oro,
1032 4143 1145 4205 uerius
1172 4146 1260 4206 cisto
1289 4144 1457 4223 mystico,
1476 4160 1576 4224 super
1606 4160 1672 4220 quc

123 4372 1677 4409 w*

149 4566 180 4637 a)
199 4563 299 4621 Cenat.
314 4561 368 4617 Pis.
386 4558 462 4617 diss.
480 4560 521 4619 11.
542 4582 566 4624 c.
577 4578 594 4637 o
606 4578 636 4624 et
657 4579 714 4631 Π..
808 4562 846 4637 h)
865 4563 974 4620 iassae.
984 4559 1054 4637 imp.
1070 4578 1107 4635 p.
1120 4577 1191 4636 ιη,
1295 4555 1327 4628 α)
1343 4550 1691 4611 internumerare.

115 4652 365 4724 d)1..1.11.§.os.
474 4652 813 4724 eJin1„caes,0,76‚
914 4649 1014 4724 nitio
1030 4651 1062 4705 L.
1077 4651 1151 4721 ΠΙ,
1172 4651 1200 4732 θ’,
1215 4665 1269 4719 nn.
1619 4652 1629 4664 '
