4012 5370
857 422 1164 531 onavmvs.

291 628 487 708 Suspectum
504 625 589 686 hunc
605 642 738 686 numum
754 622 817 706 jam
832 582 908 685 dciii
925 646 977 685 au·

228 747 288 809 pra
308 728 349 788 ad
367 747 485 789 annum
502 725 542 790 V.
562 724 598 790 C.
614 727 686 788 801.

353 943 499 1007 Nomina
522 965 561 1005 nc
583 944 678 1005 tituli
704 944 847 1006 Claudii.

492 1111 719 1174 Germanicus.

232 1284 237 1295 .
291 1231 410 1293 utrm
427 1230 614 1291 caenum
637 1231 682 1310 a),
717 1219 886 1290 claudium
910 1205 973 1288 rri-

228 1343 280 1391 tre
309 1329 434 1412 majore
466 1331 499 1391 in
529 1331 642 1392 Iuliam
670 1327 823 1390 familiam
845 1327 973 1409 adopta·

227 1444 264 1494 to
296 1431 492 1493 Germanici
526 1451 709 1513 cognomen
748 1429 975 1511 adsumpsisse.

228 1532 274 1592 Δι
304 1533 393 1594 enirn
424 1552 606 1614 cognomen
640 1530 726 1592 istud
758 1532 892 1593 Claudio
916 1552 976 1613 per

228 1633 373 1694 Drusum
406 1647 532 1715 patrem
559 1633 793 1696 hereditarium
815 1653 856 1695 ea
879 1632 912 1697 S.
938 1633 973 1694 C.

227 1729 304 1808 init,
347 1749 385 1796 ut
412 1735 499 1797 istud
537 1734 625 1796 idem
658 1735 850 1799 Suetonius·
869 1735 974 1816 capite

228 1834 452 1918 praecedente
485 1835 649 1897 adfirmat·
683 1839 720 1895 lu
754 1835 824 1916 ejus
850 1836 973 1911 numia,

229 1956 311 2021 quos
334 1956 398 2018 per
420 1950 529 1999 certos
553 1939 760 1999 characteres
787 1949 911 1999 constat
935 1939 976 1998 si·

230 2051 343 2120 gnatos
361 2035 439 2098 inde
455 2037 494 2098 ab
508 2037 612 2098 altero
631 2039 700 2119 ejus
724 2037 853 2119 imperii
880 2058 973 2111 anno,

229 2137 424 2199 uocabulum
440 2138 576 2200 GERM.
600 2152 759 2220 perpetuo
783 2137 889 2212 abest,
913 2141 975 2200 etsi

228 2239 362 2302 dubium
386 2259 451 2302 non
474 2241 639 2315 videatur,
660 2260 775 2301 numos
798 2240 860 2301 boc
880 2241 974 2303 titulo

228 2343 373 2424 insigues
405 2341 611 2424 sequioribus
635 2362 764 2423 quoque
787 2342 878 2404 annis
900 2363 975 2425 pro·

228 2442 366 2517 dirisse5
403 2465 476 2504 uam
507 2442 599 2502 multi
623 2441 748 2502 Claudii
777 2444 867 2503 numi
894 2457 975 2505 tcm-

229 2544 317 2624 poris
333 2544 501 2606 notionem
519 2545 675 2617 reticent,
707 2558 741 2604 ut
759 2545 836 2606 elias
851 2547 973 2608 monui.

231 2647 262 2705 in
292 2646 511 2707 marmoribus
541 2645 727 2707 Germanici
756 2666 876 2709 nomeu
900 2666 976 2709 con·

230 2760 349 2809 stanter
364 2747 505 2812 additur.

485 2934 710 3014 Briiuunicus.

290 3050 380 3112 istud
418 3071 602 3134 cognomen
639 3051 792 3127 Claudio,
837 3055 971 3137 ejusque

229 3154 296 3214 utto
325 3168 465 3236 propter
502 3155 653 3217 victorias
685 3155 886 3218 Britannicas
917 3157 973 3219 de-

228 3272 354 3319 cretum
373 3256 497 3317 diserto
515 3255 611 3317 tratlit
629 3257 692 3317 Dio
715 3254 767 3333 b),
786 3258 877 3340 ,quod
895 3278 972 3321 con·

228 3356 359 3419 firmare
383 3358 515 3420 videtur
541 3380 657 3419 numus
682 3380 803 3421 aeneus
820 3359 972 3422 citatusa

228 3460 383 3522 Hurellio
407 3461 438 3538 ο)
469 3457 698 3536 etPartnodt:

370 3557 697 3624 TttmaTAtoc
731 3561 851 3624 KAIC.
878 3559 971 3628 CGB.

364 3660 481 3722 BPIT.
511 3665 615 3738 Caput
638 3666 770 3724 nudum.

223 3759 512 3826 ΑΓΡΙΠΠΙΝΑ.
543 3759 796 3826 ΚΛΑΤΔΙΟΤ.
827 3759 857 3823 Γ
858 3759 968 3829 ΤΝΗ.

217 3868 334 3946 Caput
349 3868 568 3946 :igrtppt‘nuu

220 3971 266 4029 Δι
283 3986 424 4042 vereor,
442 3981 477 4028 nt
493 3968 620 4030 sincere
634 3957 771 4051 e‘xcepta
782 3968 824 4035 sit
843 3967 969 4048 epigra-

219 4072 307 4154 phe:
334 4091 408 4131 uam
428 4069 460 4128 in
477 4090 576 4129 numo
594 4070 760 4131 simillimo
779 4068 864 4151 apud
882 4069 970 4132 vait·

218 4172 358 4233 lutatium
374 4174 422 4250 θ),
445 4186 478 4234 et
494 4173 658 4255 Thcnpoli
684 4171 761 4250 ί)·ιιι
775 4169 891 4231 ΒΡΙΤ.
914 4169 969 4230 de·

1622 507 1628 516 ·
1712 479 1781 563 21ιῖ

1034 624 1249 688 marmoribus
1285 626 1460 708 reperitur.
1511 621 1650 697 Videtur
1678 635 1782 699 bono·

1033 726 1080 787 ris
1107 724 1194 787 istud
1223 725 1417 790 vocabulum
1447 728 1515 790 filio
1546 753 1605 794 auo
1627 747 1778 819 tauquam

1030 825 1199 917 proprium
1222 846 1419 892 reservasse.
1457 833 1522 892 lam
1545 852 1627 917 ergo
1650 850 1684 899 et
1703 841 1776 900 Bri·

1030 939 1160 1002 tnunos,
1185 948 1266 1012 qnos
1277 928 1435 1013 Virgilius
1453 936 1589 1010 pertitus
1608 949 1679 997 toto
1697 929 1780 1002 diui·

1031 1049 1086 1089 ros
1108 1029 1184 1089 orbe
1205 1031 1235 1106 s)
1247 1073 1255 1104 ,
1268 1091 1272 1098 ,
1286 1050 1324 1093 ac
1348 1045 1524 1113 propterea
1550 1032 1660 1116 lepide
1679 1039 1777 1102 Paca-

1031 1129 1224 1190 tus'eruler
1243 1132 1329 1193 nrbt'r
1351 1122 1446 1195 vocat
1468 1129 1519 1212 h),
1550 1156 1642 1197 suum
1667 1141 1778 1224 coepit

1031 1249 1153 1310 urgere
1171 1228 1272 1291 fatum
1292 1251 1373 1314 quoa
1388 1232 1543 1315 deinceps
1561 1238 1690 1320 saepius
1703 1261 1775 1304 ⁴rna·

1032 1330 1146 1392 teriam
1161 1331 1382 1410 victoriarum,
1398 1353 1589 1418 cansamque
1606 1336 1672 1402 dati
1689 1341 1778 1421 prin·

1033 1432 1158 1514 cipibus
1175 1432 1316 1495 nominis
1335 1435 1543 1498 intuebimur.

1274 1641 1377 1704 Pater
1392 1648 1535 1726 petrice.

1096 1759 1264 1822 Claudium
1281 1762 1368 1824 hunc
1388 1762 1515 1824 titulum
1532 1766 1719 1831 nou'statim
1736 1772 1776 1833 ab

1033 1859 1119 1923 adito
1149 1863 1304 1945 imperio,
1338 1864 1396 1926 sed
1429 1877 1537 1928 tamen
1566 1869 1676 1950 paullo
1704 1885 1779 1954 post

1032 1962 1219 2047 adoptasse,
1243 1965 1356 2027 scribit
1384 1965 1448 2027 Dio
1476 1965 1516 2046 i),
1547 1967 1590 2032 de
1613 1991 1679 2054 quo
1696 1981 1777 2036 t‘em·

1032 2085 1114 2146 porc
1136 2086 1208 2126 cum
1229 2066 1361 2127 definite
1379 2087 1442 2127 non
1461 2084 1606 2144 constet,
1633 2073 1715 2132 nibil
1736 2066 1776 2135 ab

1032 2164 1095 2227 hoe
1111 2167 1205 2226 titulo
1221 2168 1254 2227 in
1268 2167 1373 2228 nuruis
1390 2189 1447 2229 seu
1462 2171 1583 2246 addito,
1606 2193 1664 2234 seu
1682 2176 1780 2237 omis·
1826 2237 1831 2246 ,

1032 2287 1067 2328 ιο
1090 2267 1220 2348 juratur
1250 2268 1485 2352 chronologia,
1517 2292 1656 2357 eumque
1679 2277 1776 2339 etiam

1030 2381 1098 2429 tum
1136 2388 1234 2451 saepe
1270 2367 1418 2433 videmus
1456 2375 1663 2457 neglectum,
1702 2398 1776 2441 cum

1031 2470 1093 2550 jam
1117 2469 1245 2551 pridem
1273 2470 1332 2533 iilo
1355 2472 1534 2538 honoratus
1554 2476 1635 2555 fuit,
1664 2493 1699 2540 ut
1719 2478 1775 2542 do·

1032 2584 1107 2632 cent
1123 2573 1222 2632 numi.

1219 2828 1228 2849 s
1341 2783 1475 2848 Censor.

1041 2894 1045 2900 ’
1095 2898 1166 2959 Hoc
1185 2898 1279 2961 titulo
1295 2920 1411 2962 revera
1429 2921 1505 2962 usus
1523 2914 1572 2964 est
1589 2903 1631 2964 ob
1649 2907 1774 2969 exerci-

1031 3010 1094 3060 tam
1121 3000 1211 3060 annis
1227 3002 1270 3065 V.
1291 3000 1328 3062 C.
1347 3001 1427 3079 800,
1454 3015 1487 3064 et
1508 3002 1566 3065 801
1591 3024 1772 3083 censuram,

1030 3098 1159 3162 additur
1181 3101 1276 3163 etiam
1304 3122 1369 3163 non
1393 3123 1468 3164 raro
1496 3102 1530 3164 in
1549 3108 1773 3184 marmoribus,

1029 3216 1065 3264 ut
1093 3201 1207 3264 videre
1236 3218 1285 3266 ost
1312 3203 1396 3287 apud
1419 3204 1613 3283 Gruterum,
1644 3221 1678 3269 et
1703 3212 1775 3271 Mu·
1840 3200 1842 3204 ⁵

1030 3288 1205 3379 raterium,
1230 3305 1312 3368 etin
1333 3305 1439 3366 numis
1464 3307 1624 3370 reticetur
1640 3308 1772 3393 dempto

1031 3426 1113 3480 uuo,
1130 3406 1187 3467 set]
1205 3419 1375 3490 suspecto,
1397 3428 1494 3491 quem
1513 3430 1609 3491 supro
1627 3409 1667 3471 ad
1683 3411 1722 3480 V.
1735 3412 1771 3473 C·
1821 3446 1822 3450 ,

1031 3507 1092 3569 [iot
1112 3506 1259 3590 produxi.

1269 3720 1298 3785 '1
1303 3745 1333 3785 m
1339 3747 1361 3807 p
1372 3739 1465 3787 erut
1476 3750 1493 3788 ο
1503 3750 1529 3796 r.

1028 3846 1241 3909 Procncmen.

1090 3966 1162 4026 Hoc
1195 3965 1228 4025 in
1259 3979 1453 4047 perpetuum
1497 3964 1650 4028 abstinuit
1685 3981 1769 4031 teste

1028 4065 1183 4128 Suetonio
1206 4061 1259 4144 ¹¹),
1281 4079 1315 4126 et
1329 4066 1520 4130 confirmant
1532 4067 1623 4132 numi
1638 4081 1673 4130 et
1686 4089 1769 4131 mar·

1028 4189 1136 4244 mora,
1166 4166 1298 4250 dempto
1326 4188 1424 4231 numo
1457 4169 1570 4244 unico,
1599 4169 1659 4234 aed
1679 4174 1768 4238 colo·

220 4287 291 4346 est,
322 4294 429 4357 neque
452 4273 538 4335 istud
564 4271 894 4346 antinaiiisnumis,
916 4283 970 4332 aut
1026 4271 1117 4346 uiae,
1146 4269 1526 4354 quemaupraproduxi.
1635 4323 1638 4330 .

257 4505 292 4569 a)
312 4503 424 4576 Capu.
545 4500 581 4570 b)
600 4497 697 4554 m
714 4502 739 4569 §.
750 4510 794 4559 22.

221 4599 255 4666 a)
274 4590 362 4648 Ιιιιιι.
376 4588 483 4646 Graec.
499 4606 530 4662 p.
545 4599 586 4649 15.
674 4587 701 4659 i)
720 4595 859 4664 prpttt.

223 4686 247 4749 i)
267 4677 368 4736 tctx
381 4680 406 4750 §-
421 4689 446 4740 ὅ.
521 4675 555 4748 Ι)
577 4675 651 4752 Cap.
664 4688 705 4738 12.

917 4496 949 4566 c)
967 4495 997 4550 in
1013 4494 1118 4554 Claud.
1136 4493 1267 4553 tabxii.
1285 4508 1367 4557 mlo.
1484 4493 1520 4566 d)
1539 4494 1578 4550 ad
1590 4495 1675 4553 ¹Suet.
1692 4500 1770 4560 ew.

942 4589 975 4661 g)
997 4583 1094 4659 Eulog.
1111 4585 1133 4641 L
1148 4603 1175 4640 v.
1185 4587 1230 4646 (η.
1310 4583 1346 4655 h)
1365 4583 1507 4659 Panegyr.
1522 4582 1673 4641 Thourios.
1691 4598 1770 4650 ets.
