4012 5370
898 430 1109 506 NERVA.

227 598 451 661 didrachmum
481 614 614 672 census,
646 595 733 679 quod
761 617 821 680 pro
850 619 905 675 se,
938 615 972 663 et

227 702 329 764 Petro
355 699 552 784 persolvisse
576 698 740 760 Christum
766 713 886 764 statere
910 723 971 786 per

225 803 419 866 miraculum
443 802 475 862 in
496 801 586 884 pisce
610 800 744 862 inuento
766 815 876 865 narrat
892 807 973 866 teat-

224 908 340 969 thaeus
364 918 402 979 Ι).
442 905 537 964 Anno
565 905 606 969 V.
627 904 662 963 C.
692 903 754 965 823
783 905 974 988 Hierosoly·

223 1010 286 1069 mis
316 1031 334 1070 a
362 1005 561 1088 Vespasiano
591 1024 665 1066 cum
692 1006 818 1088 templo
846 1007 970 1070 eversis

223 1109 303 1192 jussi
336 1122 408 1170 sunt
440 1107 550 1167 ludaei
585 1107 771 1190 ubicunque
809 1122 971 1170 terrarum

223 1210 402 1272 existentes
432 1208 655 1270 didrachmum
677 1209 759 1271 illud
781 1230 972 1292 repraesen-

223 1328 311 1385 tare,
340 1333 404 1372 non
426 1324 532 1372 tamen
552 1332 720 1372 cessurum
738 1312 770 1372 in
788 1333 882 1373 usum
899 1332 972 1374 suo·

222 1436 297 1477 rum
321 1433 505 1487 sacrorum,
532 1412 590 1475 sed
614 1414 697 1477 lovis
718 1414 908 1496 Capitolini,
935 1426 971 1475 ut

222 1515 346 1577 diserte
365 1514 539 1597 perhibent
557 1516 714 1598 Iosephus
729 1514 776 1593 b),
798 1531 832 1578 et
848 1505 912 1578 Dio
928 1527 968 1592 ο).

222 1619 252 1677 Α
268 1618 454 1680 Domitiano
472 1619 645 1678 Iudaicum
656 1615 780 1699 fiscum
798 1621 970 1681 acerbissi-

221 1741 274 1780 me
291 1707 404 1781 actum
423 1741 511 1793 esse,
533 1731 642 1779 narrat
659 1719 834 1781 Suetonius
850 1718 901 1797 d),
925 1721 971 1780 ud

220 1841 316 1898 quem
343 1822 590 1902 efferebantur,
623 1823 682 1898 qui
707 1823 761 1883 uel
782 1823 970 1902 improfessi

221 1923 394 1984 Iudaicam
408 1925 500 1983 intra
509 1923 619 1983 urbem
629 1924 775 1983 viverent
788 1925 903 1998 vitam,
918 1923 972 1984 vel

221 2024 436 2084 dissimulata
462 2025 592 2102 origine
614 2025 772 2104 impositu
789 2026 885 2104 genti
901 2015 969 2082 'trs'-

219 2126 302 2184 butu
321 2143 386 2183 non
401 2126 641 2202 pependissent.
666 2122 892 2205 spanhemius,
912 2124 968 2205 qni

219 2225 254 2284 in
278 2222 342 2285 hoo
364 2243 493 2306 quoque
520 2244 619 2284 numo
642 2224 837 2306 explicando
860 2223 968 2286 erudi·

218 2341 283 2386 tam
301 2347 391 2387 suam
408 2324 589 2386 facundiam
608 2325 889 2407 comprobante),
911 2325 968 2388 do-

219 2442 316 2490 cente
344 2427 412 2509 ipsa
435 2427 524 2486 numi
546 2428 723 2510 epigraphe
748 2427 874 2509 arguit,
901 2446 967 2488 nou

218 2532 324 2612 ipsum
341 2529 453 2590 liscum
472 2528 645 2603 Iudaicum,
660 2549 717 2591 seu
733 2528 967 2605 didrachmum,

220 2630 308 2714 quod
334 2650 493 2692 censuere
517 2632 613 2705 varii,
642 2633 788 2693 aNerva
812 2630 968 2692 abolitum

219 2733 303 2808 dici,
329 2731 388 2793 sed
407 2746 526 2793 tantum
548 2733 618 2814 ejus
639 2735 841 2795 columniam
863 2732 969 2794 subla·

220 2849 302 2909 tum,
335 2832 398 2896 hoc
423 2847 488 2896 est:
518 2834 698 2897 abeodem
727 2833 829 2897 fiscali
855 2834 966 2895 debito

218 2935 379 3000 solvendo
407 2936 565 2998 immunes
594 2937 627 2996 in
653 2950 853 3020 postremum
881 2957 968 2998 man·

219 3041 319 3111 sisse,
351 3041 536 3122 quicunque
564 3061 599 3100 se
629 3039 712 3100 haud
741 3053 834 3100 erant
855 3038 967 3101 ludae-

220 3164 255 3203 os
285 3141 445 3224 professi,
481 3161 542 3201 nec
576 3139 652 3201 inde
683 3160 745 3223 pro
777 3139 901 3202 ludaeis
932 3141 967 3201 in

220 3242 348 3305 liscales
379 3242 503 3304 tabulas
532 3243 636 3303 relati.
668 3244 749 3304 Nam
779 3262 875 3324 quam
899 3255 967 3304 tur·

220 3346 320 3426 piter,
347 3345 565 3428 nequiterque
584 3342 643 3428 sub
661 3344 845 3405 Domitiano
863 3344 967 3426 inqui·

221 3448 317 3507 situm
341 3447 382 3506 sit
404 3447 437 3506 in
461 3468 537 3519 eos,
570 3446 625 3527 qui
654 3445 695 3507 de
726 3445 886 3507 ludaismo
915 3468 968 3509 su·

220 3549 323 3631 specti
342 3547 455 3618 suere,
483 3547 600 3608 eodem
622 3545 696 3609 loco
718 3547 893 3608 Suetonius
913 3547 968 3610 ad·

221 3651 284 3712 lato
312 3648 424 3710 infami
454 3648 540 3710 sacto
568 3647 748 3711 conlirmat.
792 3655 899 3733 Atque
926 3648 967 3712 ad

221 3753 301 3813 hane
342 3751 595 3833 explicationem
635 3751 888 3815 conlirmandam
925 3752 965 3812 il-

220 3855 322 3915 lustre
343 3853 421 3913 mihi
439 3853 625 3935 exemplum
644 3868 774 3934 praesto
792 3867 850 3917 est.
880 3854 964 3915 Cou-

220 3954 376 4016 stantinus
403 3958 467 4030 bb,
499 3968 534 4015 ut
564 3954 768 4020 idololatriae
799 3956 964 4019 licentiam

1702 452 1774 522 ltO5

1029 603 1087 663 les
1101 620 1254 666 coercens
1267 622 1318 679 ee,
1335 622 1419 683 quoe
1434 602 1536 686 plene
1550 605 1776 668 abominando

1025 725 1084 784 per
1105 702 1219 777 urbes,
1239 716 1272 766 et
1288 706 1440 787 regiones
1457 707 1648 783 antiquitus
1660 718 1776 789 petra·

1030 807 1078 865 uit
1100 804 1309 867 idololatria.
1342 804 1468 900 Quibus
1491 805 1603 871 verbis
1625 809 1774 892 persuasi

1029 903 1125 968 fuere
1143 925 1210 967 non
1233 907 1345 990 pauci,
1367 907 1511 972 soluisse
1528 909 1774 972 Constantinum

1028 1026 1142 1069 omues
1157 1008 1219 1071 hac
1237 1010 1313 1091 lege
1330 1029 1473 1094 paganae
1496 1010 1665 1093 religionis
1691 1010 1773 1072 ritus

1028 1109 1173 1185 aboleri,
1203 1108 1261 1170 sed
1288 1108 1375 1192 quod
1404 1122 1514 1174 certae
1542 1109 1697 1174 historiae
1720 1111 1776 1173 ad·

1029 1222 1185 1273 versatur.
1230 1213 1369 1272 Tantum
1399 1210 1478 1273 dicit
1505 1210 1687 1287 Eusebius,
1719 1232 1775 1273 ve·

1028 1314 1086 1374 tita
1106 1312 1357 1396 aboimperatore
1378 1333 1419 1371 sa
1435 1327 1574 1393 pusaeus,
1598 1311 1666 1374 sive
1691 1332 1773 1396 quae

1028 1436 1125 1497 supra
1150 1413 1283 1475 modum
1304 1413 1452 1489 infanda,
1478 1411 1654 1495 praecipue
1681 1426 1775 1476 extra

1028 1517 1162 1593 urbem,
1183 1529 1275 1580 vetus
1293 1515 1481 1599 superstitio
1500 1513 1598 1588 fovit,
1617 1512 1774 1597 aluitque.

1028 1616 1165 1680 ludaeos
1188 1613 1288 1679 etiam
1310 1631 1423 1700 postes
1447 1637 1513 1678 non
1536 1615 1637 1678 fuisse
1660 1616 1774 1678 immu-

1026 1741 1085 1781 nes
1114 1743 1133 1782 a
1161 1717 1319 1781 solvendo
1347 1719 1410 1781 hec
1437 1717 1644 1792 didrachmo,
1675 1717 1773 1781 doce·

1026 1843 1100 1883 mur
1117 1820 1315 1907 exlepistola
1328 1820 1484 1904 Origenis
1502 1818 1544 1882 ad
1562 1817 1771 1882 Africanum:

1024 1947 1073 1984 και
1092 1947 1135 1984 rur
1153 1917 1297 1983 leudasten
1315 1929 1349 1984 so
1364 1917 1535 2006 διδραχμον
1561 1918 1664 1996 <ierom
1688 1919 1770 2004 (Pos-

1025 2027 1142 2107 μαιοις)
1153 2028 1325 2108 schoenus,
1341 2036 1461 2086 etcum
1475 2044 1562 2085 nunc
1573 2042 1701 2101 quoque
1717 2023 1772 2083 lu·

1026 2128 1103 2188 daei
1129 2125 1358 2188 didrachmum
1382 2125 1456 2187 illis
1480 2122 1664 2203 (Romanis)
1693 2145 1772 2204 pen·

1025 2229 1118 2292 dunt.
1142 2227 1225 2288 Satis
1241 2239 1385 2309 apparet,
1400 2245 1470 2288 rem
1485 2224 1648 2288 Iudaicam
1662 2224 1771 2306 magni

1020 2327 1124 2390 fuisse
1151 2327 1357 2404 haerente,
1392 2341 1426 2390 et
1452 2325 1504 2389 vel
1528 2326 1561 2387 iu
1587 2327 1656 2409 ipsa
1688 2325 1770 2386 urbe

1025 2431 1198 2506 momenti,
1223 2443 1318 2514 atque
1334 2443 1420 2493 tanta
1436 2429 1625 2504 atrocitate,
1647 2440 1681 2490 et
1697 2446 1771 2510 pro·

1026 2533 1148 2594 misene
1172 2531 1303 2616 quidem
1327 2550 1389 2614 per
1410 2552 1538 2595 causam
1562 2529 1713 2592 Iudaismi
1737 2530 1770 2589 in

1023 2633 1181 2716 populum
1213 2635 1386 2710 saeuitum,
1419 2647 1454 2694 ut
1486 2631 1609 2694 sublata
1638 2630 1770 2693 taudem

1025 2754 1120 2796 causa
1141 2733 1275 2815 dignum
1297 2732 1383 2794 istud
1404 2731 1525 2794 lactum
1546 2745 1699 2795 censeret
1719 2754 1770 2795 se·

1024 2848 1136 2908 natus,
1164 2834 1255 2914 cujus
1277 2833 1434 2896 memoria
1455 2833 1489 2896 in
1511 2852 1588 2897 aere
1610 2853 1770 2917 perenna·

1020 2949 1088 3000 ret.
1319 3012 1322 3021 ι

1065 3040 1210 3102 Palmam
1234 3058 1307 3102 esse
1329 3037 1467 3100 Iudaeae
1488 3034 1688 3119 symbolum,
1715 3054 1768 3097 res

1024 3155 1110 3206 nota.
1132 3140 1257 3204 Plinius
1273 3152 1318 3217 ωε
1343 3140 1470 3204 Iudaea
1483 3160 1559 3203 vero
1574 3141 1703 3221 inelyte
1719 3151 1767 3199 est
1806 3189 1809 3197 ,

1024 3243 1079 3304 oel
1093 3245 1203 3326 magis
1214 3245 1346 3325 palmis.

1214 3449 1252 3505 V.
1273 3445 1385 3511 ceso
1407 3443 1576 3524 emon

1029 3548 1093 3611 ΤΒ.
1126 3551 1162 3610 P.
1197 3546 1291 3611 008.
1321 3546 1386 3608 111.
1420 3545 1522 3607 DES.
1554 3544 1615 3607 IV.
1647 3545 1685 3605 P.
1720 3543 1766 3604 M.

1020 3750 1132 3816 Nem
1149 3752 1243 3831 Aug.
1263 3649 1387 3813 11111).
1407 3648 1566 3831 ἲὶνὸἰηίο
1592 3746 1679 3832 Ruso
1698 3768 1765 3810 cos.

1062 3957 1180 4039 lugens
1218 3954 1344 4017 Romae
1387 3949 1521 4027 seditio,
1542 4030 1544 4033 ι
1566 3971 1629 4034 qua
1674 3969 1767 4033 prae·

221 4070 413 4131 coerceret,
441 4069 525 4119 teste
547 4057 692 4120 Eusebio
711 4057 736 4140 s)
758 4056 961 4140 binasleges
1021 4057 1140 4119 turiani
1179 4069 1329 4120 auctores
1365 4053 1474 4119 caedis
1510 4052 1686 4116 Domitiani
1724 4051 1766 4113 sd

220 4159 383 4234 condidit,
404 4180 537 4241 quarum
554 4180 615 4221 una
633 4159 693 4221 tuit
708 4158 827 4242 sonesti
842 4183 894 4241 pes
910 4157 966 4235 tn-
1022 4170 1162 4219 mortem
1192 4156 1373 4241 postulant,
1417 4173 1540 4241 eosque
1570 4153 1650 4215 licet
1678 4154 1765 4215 relu-

222 4283 286 4346 opon
306 4285 348 4320 sa
364 4280 483 4340 μυσαρα
503 4285 559 4335 της
576 4283 655 4319 κατα
670 4266 773 4335 nobem
792 4285 842 4320 και
866 4281 968 4346 χωρας
1022 4271 1128 4320 ctaute
1157 4260 1265 4325 Nerva
1294 4258 1494 4322 interimunt.
1535 4257 1626 4340 Ergo
1654 4254 1765 4317 Nerva

221 4387 253 4424 ra
283 4369 412 4422 nuberes
444 4366 674 4443 συντελουμενης
706 4361 967 4443 ἑιὸωλολατρειιις,
1022 4373 1224 4425 senectutem
1247 4380 1338 4426 suum
1360 4359 1469 4445 sperni
1491 4358 1634 4422 sentiens
1653 4354 1765 4437 Traja-

220 4503 1770 4531 *ww

259 4587 453 4647 atxvum.
555 4587 1100 4661 a>aauertuntuvttento.
1203 4590 1234 4660 c>
1249 4587 1282 4647 L.
1297 4586 1396 4643 exst.
1413 4590 1472 4661 §.a
1576 4583 1761 4659 escape.

223 4683 252 4749 e]
269 4680 352 4735 Tom.
369 4678 406 4736 ll.
423 4699 451 4751 p.
467 4692 524 4740 500.
627 4681 652 4748 s)
670 4681 699 4733 in
717 4681 773 4736 vita
791 4681 890 4736 Coust.
907 4679 938 4735 L.
956 4679 991 4736 ll.
1008 4697 1033 4735 c.
1048 4689 1091 4743 45.
1194 4686 1226 4757 g)
1239 4679 1271 4736 L.
1287 4679 1366 4736 Xlll.
1381 4681 1404 4753 l.
1417 4683 1443 4743 ὁ.
