3998 5340
815 451 1192 525 annutante.
1258 478 1260 496 ·
1700 460 1781 556 ἰιι

227 635 396 704 pateram,
424 642 451 683 s.
465 614 743 701 gubernaculum,
761 621 975 702 propedidus
1095 618 1311 702 Bithyniaeia
1323 620 1429 682 nausis
1442 636 1538 706 eaput
1551 637 1601 689 eut
1612 626 1777 707 turritum,

229 725 377 787 uictima.
399 719 471 784 ΑΕ.
488 723 514 785 1.
531 719 633 801 (idus.
647 717 768 804 Caes.)
1022 719 1133 785 oredo
1150 734 1288 805 propter
1305 719 1480 804 insignium
1494 724 1624 788 urbium
1640 731 1779 814 copiam.

329 827 376 887 Vt
395 824 448 886 lit.
462 820 504 884 H.
1029 822 1297 888 Gubernsaulum
1317 842 1413 885 muna
1435 838 1527 889 tenet
1547 842 1685 911 propter
1707 832 1778 913 ejas

226 922 541 991 RESTITVTORI.
580 921 834 987 BITHYNIAE.
873 923 911 988 8.
935 922 972 988 C.
1029 925 1177 1009 regionis
1195 922 1368 1007 navigandi
1385 929 1678 1010 opportunitatem,
1699 930 1777 998 hine

224 1028 411 1108 Imperator
433 1037 570 1106 togatus
598 1025 770 1088 mulierem
798 1043 886 1107 genu
905 1025 972 1108 fle·
1027 1028 1063 1090 iu
1077 1026 1334 1112 Propontidem,
1358 1025 1453 1091 illino
1468 1027 1502 1089 iu
1515 1003 1688 1106 ἘιιιὶιιιιιιΙ
1703 1052 1776 1099 rer·

225 1139 366 1189 aientem
399 1125 565 1202 subleuat,
609 1143 694 1204 quae
721 1128 851 1187 -destro
888 1127 972 1208 peae-
1028 1129 1148 1214 gentis.

220 1249 343 1311 prorae
364 1230 459 1288 navis
480 1227 630 1303 insistit,
666 1240 700 1291 et
721 1230 864 1289 sinistra
885 1229 971 1290 duas

223 1332 348 1410 spicas,
389 1331 425 1389 in
453 1328 535 1389 aliis
571 1326 834 1406 gubernaculum
870 1329 969 1392 tenet.
1171 1335 1217 1395 Vt
1233 1333 1287 1398 iit.
1305 1331 1382 1397 Η.

222 1429 292 1492 ΔΕ
306 1431 334 1496 Ι
352 1431 506 1512 11.(Μιιι.
526 1428 637 1508 Caes.)
1026 1434 1278 1498 narrantum.
1298 1433 1377 1499 8Ηο
1396 1434 1491 1498 Muli
1476 1437 1777 1505 iersedensdaute·

285 1531 402 1593 Fuisse
422 1529 653 1595 Hadrianum
643 1550 677 1593 sa
698 1527 865 1615 Bithynis,
890 1530 969 1595 sori·
1026 1557 1063 1598 ro
1076 1537 1160 1618 pede
1176 1524 1312 1618 rupidus
1326 1539 1495 1615 imposito,
1518 1534 1659 1602 sinistra
1676 1557 1778 1625 eaput

223 1646 336 1718 ptores
359 1633 482 1696 diserte
513 1630 644 1715 quidem
674 1653 742 1696 nou
769 1632 967 1716 prodidere,
1026 1648 1233 1712 sustentans,
1259 1637 1292 1698 d.
1312 1636 1445 1698 hastam
1465 1640 1574 1717 gerit,
1604 1641 1755 1704 subito
1740 1665 1777 1705 ιιι

223 1754 339 1798 verum
361 1734 448 1797 istud
467 1747 626 1797 testantur
647 1735 737 1798 numi
757 1748 968 1818 praesentem
1021 1739 1263 1822 praegrandem
1283 1737 1468 1821 cirpeum'
1453 1741 1584 1804 innixo.
1606 1740 1677 1804 ΔΕ.
1692 1745 1773 1811 1.11.

221 1849 319 1919 atquo
339 1835 402 1898 etsi
419 1834 536 1899 horum
555 1836 741 1899 testimonio
763 1855 967 1912 careremus,
1027 1836 1161 1922 (vain.)
1409 1824 1414 1830 “

221 1957 265 1999 ao
287 1950 474 2019 temperare
505 1936 567 1999 sibi
585 1939 746 2020 potuisset
765 1935 969 2014 Hadrianus,
1073 1964 1077 1971 ¹
1172 1939 1340 2005 Vestali.
1568 1984 1570 1987 .

223 2058 289 2123 quo
305 2039 411 2101 minas
426 2039 598 2121 regionem
614 2040 786 2117 inviseret,
806 2059 889 2123 queo
905 2040 970 2100 Aa·
1027 2036 1270 2109 ADVEN'I'VI.
1329 2039 1432 2115 ΝΕ.
1487 2041 1770 2109 amramitas.

224 2141 305 2203 tiuoi
320 2141 370 2202 sui
391 2141 490 2223 patria
506 2140 651 2205 exstitit?
674 2140 761 2233 Quin
777 2140 874 2202 etiam
894 2162 970 2204 con·
1028 2142 1063 2208 S.
1087 2143 1124 2207 C.
1156 2144 1357 2219 Imperator,
1389 2154 1423 2203 et
1447 2149 1624 2226 provincia
1649 2143 1774 2230 sacrefi-

221 2257 305 2320 stat,
335 2262 410 2304 eam
436 2240 635 2325 inBithyuia
657 2255 829 2322 venatum,
851 2256 886 2305 et
904 2264 968 2326 quo
1026 2257 1150 2307 euntes
1172 2244 1243 2308 ΑΕ.
1252 2243 1284 2307 i.
1302 2243 1416 2324 (Vsill.

221 2348 297 2408 looo
328 2362 436 2406 ursam
468 2341 651 2421 occiderat,
687 2342 805 2408 urbem
838 2342 880 2406 de
907 2365 967 2407 sao
1170 2349 1215 2409 Vt
1235 2345 1290 2409 Iit.
1304 2345 1346 2407 H.

221 2446 354 2510 nomine
379 2440 515 2523 Aderam
534 2446 648 2525 Saeua,
672 2447 842 2509 Hadriani
870 2444 1638 2515 uena·Exssnc.1stt1raNN10va8.C.
1669 2448 1773 2531 Impe-

222 2551 362 2622 tionem,
385 2545 589 2621 aedificasse,
607 2547 809 2610 utroferuut
824 2547 966 2630 Spartia·
1025 2563 1119 2609 rator
1132 2550 1318 2631 paludatus
1336 2561 1432 2610 stans
1447 2569 1484 2611 ιιι
1505 2561 1665 2631 suggestu
1684 2552 1774 2613 adlo-
1869 2553 1873 2560 “

219 2671 297 2724 nus,
336 2660 370 2711 et
390 2647 471 2723 Dio,
506 2648 568 2709 etsi
599 2646 679 2709 haec
705 2646 784 2708 urbs
806 2647 965 2728 ambiguis
1025 2653 1138 2727 quitur
1179 2647 1542 2711 cohortes.1ualiis·:
1589 2649 1774 2732 Imperator

221 2750 340 2812 finibus
355 2749 478 2830 Mysiae
492 2748 599 2830 potius
616 2746 764 2808 rideatur
780 2746 963 2811 tribuenda.
1021 2766 1130 2826 eques.
1151 2747 1282 2827 (vaitt.)

223 2853 329 2946 Quam
351 2848 451 2912 suerit
470 2847 683 2912 Hadrianus
674 2870 706 2908 su
729 2847 888 2931 Bithynae
909 2847 966 2911 be·
1086 2847 1187 2910 'reste
1215 2846 1387 2930 spartiano
1407 2819 1624 2911 Britanniam
1652 2853 1772 2931 petiit,

220 2954 346 3017 neiicus
370 2950 568 3033 deprecante
597 2949 818 3053 potissimam,
854 2963 890 3011 ut
920 2952 965 3014 vi·
1022 2949 1059 3009 in
1078 2967 1144 3027 qua
1175 2950 1282 3010 multa
1305 2952 1471 3025 correxit,
1501 2970 1695 3029 murumque
1713 2971 1774 3033 per

221 3058 334 3131 detur,
355 3052 518 3128 Antinoo,
541 3044 701 3114 testru'tur
722 3050 820 3114 urbes
840 3051 966 3135 ab-ejus
1022 3048 1171 3114 LXXX.
1202 3051 1311 3112 millia
1329 3069 1490 3133 passuum
1506 3054 1635 3133 primus
1659 3053 1770 3127 auen,
1859 3045 1861 3050 ’

220 3158 352 3222 nomino
372 3154 553 3239 appellatae
572 3139 755 3230 Mariani,
777 3154 965 3217 Hadriano·
1022 3155 1081 3231 qui
1089 3152 1258 3228 barbaros,
1276 3153 1504 3232 Romanosque
1517 3153 1686 3217 diuideret.
1710 3148 1769 3216 Se·

216 3264 323 3343 polis,
355 3254 571 3342 praetoriam
593 3267 788 3318 memoratae
819 3255 964 3317 Hadria·
1020 3248 1152 3336 quentia
1169 3254 1268 3317 verbe
1283 3250 1430 3336 ejusdem
1445 3253 1588 3318 auctoris
1603 3254 1684 3319 bueo
1699 3254 1766 3319 Ha·

220 3362 395 3435 notiteras,
417 3359 494 3440 quin
511 3370 544 3418 et
562 3356 801 3442 Claudiopolis,
822 3356 891 3419 aire
909 3355 963 3416 Bi·
1019 3352 1124 3418 driani
1147 3354 1310 3436 profectio
1336 3354 1448 3439 flgitur
1470 3355 1511 3420 ad
1537 3358 1765 3425 unuumVMC

217 3463 364 3544 thynium
380 3459 514 3522 Antinoi
531 3459 632 3541 putria
648 3458 827 3522 innumeris
843 3457 881 3521 ab
898 3457 962 3521 hoo
1018 3455 1091 3538 874.
1132 3456 1473 3540 ReliquaBritauniea
1488 3455 1643 3521 Hadriani
1660 3472 1765 3522 aetate

216 3565 414 3645 imperatore
428 3559 597 3623 beneficiis
614 3561 739 3625 adfecta
752 3562 960 3623 Hadrianum
1015 3557 1116 3619 fero
1106 3571 1316 3644 ignorentur,
1334 3577 1445 3641 neque
1463 3558 1532 3642 typi
1547 3557 1686 3644 aliquid,
1711 3563 1764 3625 oui

216 3686 252 3729 se
276 3664 309 3725 in
337 3663 453 3725 nuruis
469 3661 510 3724 ad
534 3661 678 3726 Gallieni
706 3681 810 3746 usque
843 3678 960 3725 aarum
1018 3659 1248 3735 immoremur,
1271 3658 1490 3747 suppeditant.

214 3763 397 3851 profitetur
443 3764 596 3828 Nicaeum
630 3783 778 3850 quoque,
809 3765 961 3826 Meosne·
1269 3808 1288 3844 ,
1374 3761 1394 3800 ⁴
1477 3809 1498 3844 ‚

215 3869 317 3942 dium,
339 3865 481 3948 eliasque
509 3867 579 3948 ejus
604 3865 750 3948 regionis
775 3865 875 3929 urbes
900 3864 960 3927 sub
1163 3866 1208 3925 Vt
1224 3864 1276 3924 lit.
1292 3862 1334 3928 H.
1752 3911 1760 3927 .

213 3967 345 4053 imperii
362 3966 413 4029 sui
433 3965 558 4028 initium
584 3981 729 4031 tremore
753 3960 863 4031 terrae
888 3963 960 4050 gra·
1019 3963 1308 4029 CAPPADOCIA.
1333 3965 1421 4030 S.'C.
1458 3968 1520 4027 Vir
1537 3966 1648 4048 eapite
1664 3971 1760 4029 turri·

215 4071 347 4136 sissimo
366 4067 511 4132 adiliotas
528 4068 721 4133 liberalitate
741 4091 797 4131 sua
814 4069 896 4151 juvit
912 4073 958 4152 ⁸),
1018 4084 1069 4144 ta,
1092 4081 1125 4129 et
1142 4067 1260 4129 nabitu
1279 4072 1449 4131 succincto
1463 4079 1558 4131 stans
1572 4068 1603 4130 d.
1618 4080 1760 4131 montem

217 4170 370 4235 etserius
385 4171 419 4231 in
439 4168 556 4233 iisdem
572 4171 705 4234 urbibus
721 4170 859 4252 iusignia
878 4183 961 4235 tem·
1020 4171 1211 4250 Argue-um,
1234 4190 1261 4234 s.
1280 4169 1442 4234 vexilium
1460 4178 1559 4231 tenet.
1590 4167 1762 4234 aa.1.11.

216 4274 288 4358 plu,
320 4273 408 4350 sora,
442 4272 569 4357 aliaque
598 4271 745 4336 aedificia
770 4273 894 4349 statuit,
924 4284 960 4335 ut
1018 4274 1118 4354 (Mus.
1139 4271 1253 4352 Caes.)

216 4374 340 4440 adeo
329 4396 402 4458 Jure
428 4374 616 4456 {destitutor
641 4374 826 4457 Bithyniae
850 4376 958 4461 appel·
1161 4377 1206 4435 Vt
1221 4374 1275 4438 iit.
1288 4373 1330 4436 H.

217 4478 279 4540 lari
298 4478 340 4540 sit
357 4479 567 4562 promeritus.
1016 4474 1276 4543 EXERCITVS.
1297 4470 1641 4538 CAPPADOCICVS.
1665 4473 1700 4540 S.
1719 4473 1757 4536 C.

251 4710 279 4757 a,
269 4687 430 4745 Euseb.
424 4709 452 4743 ιιι
471 4689 627 4746 Chronico.
