4012 5370
700 425 742 492 L.
776 420 1033 502 CLODIVS
1068 418 1280 493 MAclttt
1692 440 1765 521 289

217 587 587 655 PROPRAFRICAE.
610 590 774 654 Triremis.
793 591 863 655 AR.
882 593 969 672 (Mo-
1024 589 1108 665 lum,
1135 610 1172 654 ac
1194 604 1262 651 tum
1285 587 1437 653 eriatirue
1457 588 1681 671 recipiendum
1707 595 1764 656 Ll-

220 694 299 754 ralli
328 693 350 754 l.
371 712 398 753 c.
429 711 517 751 num.
540 690 604 768 ιὺ.)
641 690 806 768 Similem,
834 692 893 755 aed
917 712 970 755 ae·
1025 691 1260 755 BERATRIX.
1313 691 1562 765 Vaillautiauum
1603 696 1768 759 LIBERA

218 814 320 857 neum
338 794 447 856 addito
466 794 500 854 S.
516 793 550 853 C.
567 789 671 853 edidit
690 792 858 855 'Priatanuo
873 797 968 855 Tam.
1026 793 1109 855 nihil
1127 792 1246 871 officit3
1264 812 1339 854 nam
1357 807 1411 855 aut
1427 793 1556 856 extritis
1571 793 1675 858 literis
1691 796 1771 860 reli-

218 899 241 959 l.
267 917 300 979 p.
316 907 396 975 247,
427 908 460 957 et
484 892 671 955 Pembroclt
702 894 792 958 Part.
816 897 870 958 Ill.
904 894 969 960 tab.
1027 896 1115 980 quia,
1143 909 1197 958 aut
1216 895 1300 955 intra
1319 915 1470 971 numum,
1499 896 1586 980 quod
1604 917 1702 980 aaepe
1724 897 1770 962 fa·

220 1006 273 1078 49.
1024 1012 1129 1073 etum,
1147 1017 1213 1058 non
1230 997 1373 1080 receptis
1390 995 1543 1059 deficient
1558 998 1680 1061 literae
1692 996 1770 1061 reli'·

286 1099 322 1156 ln
341 1096 401 1158 hoa
421 1116 538 1156 nnmoa
556 1096 765 1160 commentati
781 1111 856 1159 aaut
873 1117 966 1181 prae·
1023 1119 1106 1181 quae
1121 1098 1237 1160 TRIX.
1260 1096 1359 1189 Quod
1372 1098 1413 1160 ad
1430 1100 1577 1161 Morellii
1592 1100 1784 1179 lectionem.

222 1211 274 1261 ter
291 1197 372 1260 aliua
388 1198 581 1268 Vuillantiua
605 1199 636 1257 in
661 1197 746 1259 notis
769 1198 809 1261 ad
832 1199 968 1283 seguini
1025 1200 1153 1274 attinet,
1184 1218 1323 1275 vereor,
1353 1219 1396 1262 ne
1425 1201 1589 1281 fugientes
1617 1201 1708 1262 numi
1735 1201 1772 1262 li·

222 1298 414 1362 uumiamata
436 1320 468 1381 p.
483 1310 561 1380 tot),
589 1302 834 1382 Harercampna
851 1299 969 1364 ad-Fa·
1025 1301 1112 1362 tertia
1142 1301 1212 1383 ipae
1242 1298 1427 1383 expleverit
1452 1300 1596 1384 legendo
1624 1303 1771 1366 LIBER?

221 1401 292 1465 mil.
314 1401 460 1462 Morellii
482 1423 514 1483 p.
529 1412 607 1481 471,
636 1400 779 1464 Liebeua
802 1405 835 1463 in
863 1403 969 1467 Gotho
1029 1403 1122 1462 Tae.
1165 1403 1303 1464 Praeter
1336 1400 1419 1464 hane
1450 1403 1671 1485 conjecturam
1705 1422 1772 1468 nou
1819 1455 1820 1459 ,

221 1523 312 1566 num.
338 1525 370 1584 p.
389 1505 468 1578 245,
497 1501 647 1564 lihelliua
670 1502 704 1564 in
723 1502 905 1587 Adpendie.
929 1504 970 1567 ad
1028 1502 1280 1586 improbabilem
1309 1516 1440 1586 praesto
1471 1516 1521 1565 eat
1541 1505 1634 1567 ¹ratio
1664 1505 1725 1569 alia
1753 1528 1772 1570 ι

223 1603 322 1668 ῩιίΙΙ,
343 1623 445 1685 pao,
467 1603 608 1665 sednon
628 1603 818 1666 luiteadem
837 1606 970 1669 illorum
1028 1605 1155 1668 oollatia
1185 1604 1365 1688 epigraphe
1393 1617 1427 1665 et
1453 1617 1531 1687 typo
1558 1606 1668 1688 petita.
1709 1607 1774 1671 11·-
1803 1645 1805 1652 ·

225 1708 258 1767 iu
277 1706 317 1767 iia
338 1704 546 1787 explicandis·
560 1705 730 1766 sententia.
1028 1706 1143 1769 heutua
1162 1706 1610 1789 saepenumerovoeabulum
1626 1708 1775 1769 LIBER·
1803 1753 1810 1762 ,

284 1808 433 1868 Primum
452 1805 618 1868 dissidium
634 1821 685 1868 eat
701 1807 732 1867 iu
746 1808 889 1892 legendo
903 1813 972 1872 Ma·
1030 1809 1117 1870 ras
1132 1808 1165 1869 in
1183 1808 1378 1871 familiarum
1398 1808 1521 1884 numia,
1547 1808 1605 1870 aed
1630 1822 1697 1871 tum
1721 1809 1783 1873 ad·-

220 1907 274 1973 eri
305 1908 530 1992 praenomine.
574 1907 767 1974 Vaillantiua
794 1912 971 1996 legendam
1029 1909 1173 1979 atituitur
1199 1912 1307 1995 imago
1332 1908 1435 1991 ipaiua
1460 1910 1544 1972 deae
1572 1911 1775 1984 Libertatis3

220 2008 320 2074 dooet
338 2010 381 2084 C,
405 2031 469 2071 non
494 2012 550 2086 L.,
574 2026 679 2072 motae
711 2010 861 2094 inanpor,
885 2013 973 2097 qnod
1028 2032 1145 2076 verum
1174 2013 1208 2073 iu
1235 2012 1286 2074 hia
1313 2011 1420 2073 numia
1441 2023 1593 2074 exaratur
1614 2011 1701 2092 juxta
1723 2030 1774 2075 ca·

223 2134 304 2197 gena
319 2110 452 2173 Claudia
466 2111 559 2173 Lucii
574 2132 773 2194 praenomen
794 2127 879 2175 teate
894 2116 974 2177 Sne·
1031 2127 1107 2196 put,
1147 2113 1234 2196 quod
1268 2133 1310 2176 ex
1340 2113 1504 2176 communi
1534 2132 1695 2175 oonaenou
1726 2124 1777 2187 ert

223 2215 315 2276 tonio
339 2213 508 2276 adversata
529 2227 589 2278 eat.
619 2217 661 2275 At
685 2235 884 2296 praenomen
908 2216 974 2276 Lu·
1023 2206 1174 2281 Africae.
1218 2215 1273 2277 Aa
1307 2235 1390 2298 ergo
1421 2214 1532 2276 Africa
1567 2212 1632 2274 diei
1667 2225 1780 2294 potere

226 2319 274 2376 cii
292 2318 405 2375 Macro
424 2313 587 2375 vindicant
607 2316 696 2374 numi
715 2314 770 2375 alii
794 2317 975 2378 nonambi·
1032 2316 1212 2377 Libertas?
1243 2317 1348 2377 Nemo
1370 2337 1448 2378 aaue
1470 2313 1557 2377 iatad
1577 2313 1781 2396 opinabitur,

227 2435 310 2496 guae
329 2415 494 2489 lectionis,
515 2431 548 2478 et
567 2436 607 2477 ex
627 2415 842 2478 marmoribus
860 2419 977 2500 probat
1034 2415 1082 2476 At
1105 2414 1138 2474 in
1167 2436 1265 2478 ronan
1293 2416 1401 2478 clodii
1429 2419 1559 2493 Macri,
1585 2415 1641 2501 qui
1670 2414 1778 2478 audita

226 2515 385 2592 Liebeua,
405 2517 658 2598 reperirietiam
676 2518 809 2580 Clodios
828 2539 976 2582 oumsseo·
1035 2516 1182 2582 Vindicio
1219 2517 1374 2582 adveraua
1409 2520 1576 2581 Neronem
1615 2516 1784 2581 auditione

226 2616 300 2679 dem
318 2618 413 2680 Lucii
434 2620 655 2700 praenomine.
1031 2619 1130 2679 etiam
1149 2619 1221 2702 ipse
1238 2620 1271 2681 in
1289 2634 1414 2703 partem
1434 2620 1560 2703 gloriae
1583 2619 1698 2682 venire
1722 2638 1779 2682 vo·

294 2720 444 2782 Alterum
461 2719 628 2782 dissidium
646 2734 796 2784 versatur
813 2722 845 2781 in
862 2721 977 2784 lectio·
1034 2720 1110 2794 luit,
1133 2733 1166 2782 et
1185 2720 1255 2802 ipae
1272 2722 1386 2784 haberi
1401 2733 1516 2782 auctor
1531 2717 1660 2781 liberati
1676 2740 1694 2779 a
1712 2720 1776 2782 No·

227 2840 268 2883 ue
294 2843 468 2884 rumorum
492 2826 678 2897 11.at111.,
708 2822 740 2882 in
766 2823 881 2905 quibua
909 2823 976 2904 legi
1034 2820 1124 2881 ronia
1147 2821 1318 2902 tyrannide
1341 2821 1489 2903 imperii,
1522 2832 1556 2881 ot
1581 2818 1703 2881 robore
1732 2820 1785 2881 le«

228 2924 376 2986 ridemus
407 2925 528 3006 triplici
560 2924 677 2997 modo,
717 2939 771 2985 aut
798 2924 976 3000 Ltsstetta,
1036 2922 1168 3004 gionum
1194 2923 1325 2985 Africae
1353 2922 1458 3006 potuit
1485 2919 1579 2982 dietis
1607 2919 1705 2982 fidem
1732 2918 1786 2987 st..

229 3038 283 3085 aut
322 3027 560 3103 LIBERTAS,
605 3039 660 3088 ant
696 3027 975 3090 LlssEnaTItlx.
1034 3043 1131 3098 cere,
1162 3045 1227 3086 non
1251 3026 1394 3088 alienum
1421 3035 1492 3085 erat
1514 3021 1659 3085 Africam
1686 3040 1779 3084 voea-

228 3126 437 3201 Vaillantiue,
475 3127 531 3209 qui
558 3127 695 3209 primam
723 3127 885 3208 prodidit,
915 3130 975 3206 air,
1034 3144 1072 3186 re
1087 3125 1331 3203 liberatricem,
1349 3145 1463 3208 neque·
1475 3122 1578 3197 obeat,
1593 3124 1707 3187 abesae
1724 3144 1781 3187 vo·

229 3229 334 3291 notari
375 3227 536 3292 vocabulo
573 3230 762 3304 LIBERA,
806 3253 825 3292 a
862 3234 988 3292 Mauror
1034 3247 1106 3289 cem
1129 3226 1308 3308 Arnlca3
1338 3249 1412 3289 narn
1436 3241 1663 3310 praeterquam
1691 3224 1783 3308 quod

229 3349 302 3391 cum
334 3330 524 3412 legionem,
563 3345 629 3391 tum
661 3331 861 3412 provinciam
892 3331 977 3393 Arri·
1006 3366 1010 3373 ·
1035 3327 1124 3390 orbis
1160 3331 1250 3391 numi
1286 3330 1397 3413 plurea
1425 3348 1491 3388 non
1528 3327 1614 3409 cepit
1649 3327 1777 3399 literae,

229 3453 299 3494 cam
330 3434 454 3493 liberas
486 3431 605 3507 dictas,
644 3433 792 3495 restituta
824 3434 976 3504 nimirum
1035 3431 1254 3492 necessarium
1269 3431 1355 3493 iatnd
1371 3429 1556 3511 neutiquam
1571 3428 1686 3502 visum,
1703 3449 1777 3490 cum

229 3556 289 3617 per
311 3533 454 3595 Neronia
476 3532 611 3596 caedem
633 3533 795 3597 libertate.
823 3535 890 3598 Pro
916 3536 977 3599 ltac
1035 3530 1166 3593 Africae
1201 3546 1298 3614 caput
1326 3552 1392 3593 non
1426 3529 1467 3591 ait
1497 3527 1700 3611 ambiguum,
1740 3549 1784 3590 ac·

230 3650 401 3719 praetensa
432 3655 514 3696 voce
548 3636 720 3699 Morelliua
750 3639 783 3697 in
812 3639 979 3720 proposita
1037 3634 1126 3694 cultu
1148 3654 1207 3695 auo
1230 3630 1484 3716 seipsumaatia
1502 3629 1695 3691 manifestet.
1725 3630 1776 3690 An

235 3740 322 3800 numi
364 3737 526 3818 imagine,
573 3739 708 3821 ejusque
743 3753 979 3801 commentator
1038 3734 1091 3795 eui
1109 3733 1218 3817 ignoti
1232 3747 1305 3797 aunt
1321 3732 1465 3806 denarii,
1490 3745 1523 3794 et
1544 3730 1682 3815 quinarii
1702 3751 1781 3814 gen·

231 3842 493 3920 llarercampua,
535 3851 602 3901 tum
631 3840 773 3903 Liebeua
802 3841 979 3924 legendnm
1039 3836 1079 3896 tia
1097 3836 1253 3912 Porciae,
1280 3837 1313 3897 in
1334 3855 1472 3921 quorum
1492 3852 1603 3894 areraa
1623 3832 1705 3894 inira
1723 3830 1785 3897 vif

236 3942 356 4005 docent
377 3941 607 4014 LlBERTAS.
639 3942 848 4005 Atllhelliua
869 3943 1002 4006 iueao'
1039 3937 1174 4000 ctoriam
1214 3936 1384 4000 ardentem
1422 3935 1545 4020 legitur
1579 3932 1780 4000 vtcrntx?

236 4043 388 4107 diaduete
426 4041 505 4104 vidit
543 4043 835 4121 LIBERATRIX,
885 4060 980 4129 atqua
1040 4059 1105 4123 quo
1123 4039 1197 4101 loco
1217 4038 1406 4103 subauditur
1421 4038 1474 4101 vel
1494 4040 1612 4110 Konta,
1635 4035 1688 4097 vel
1707 4037 1784 4096 Vir·

235 4146 321 4208 iatud
336 4143 508 4206 adfirmare
527 4145 597 4227 ipae
613 4165 759 4227 possum,
778 4147 832 4229 qui
850 4167 982 4207 numum
1038 4161 1093 4223 go.
1125 4140 1168 4201 At
1192 4161 1274 4205 vero
1298 4155 1333 4203 ut
1354 4140 1529 4204 lectionem
1556 4135 1677 4197 tthettii
1699 4135 1789 4199 reci·

238 4267 315 4330 prae
353 4247 457 4309 oculis
497 4246 613 4312 habeo.
656 4248 738 4309 Mihi
770 4248 986 4311 indubitatum
1039 4241 1191 4326 piendam
1211 4245 1343 4307 omnino
1365 4263 1502 4317 oenaeo,
1526 4240 1568 4301 ita
1588 4237 1782 4319 abejuain·

236 4349 385 4425 videtur,
416 4371 489 4411 cam
520 4349 640 4412 ceteris
669 4351 817 4414 omnibus
839 4349 984 4434 partibor
1042 4346 1294 4429 terpretutione,
1338 4367 1419 4431 quae
1456 4341 1675 4406 Harduiuiona
1715 4354 1786 4401 tota

239 4454 328 4516 remi
364 4456 427 4516 aint
466 4465 499 4513 ut
537 4464 625 4533 gatto
663 4467 772 4535 guttae
802 4451 984 4534 ‘simillima
1043 4460 1106 4521 eat,
1125 4447 1221 4529 plane
1240 4441 1784 4532 diorideo,quitotamantieaoiu·

239 4557 333 4619 etiam
366 4578 433 4619 non
464 4557 591 4618 variare
620 4553 684 4617 Ιιοο
713 4555 818 4638 ipsum
848 4553 985 4618 vocaliu-
1044 4550 1252 4634 scriptionem
1282 4551 1410 4633 explet:
1451 4550 1555 4628 Legio
1581 4544 1789 4610 GLODlana

296 4679 391 4760 (Vol.
408 4677 485 4756 VJ.)
1459 4665 1490 4730 0
1514 4688 1533 4730 o
