4012 5370
830 420 1157 538 lvovsrvs
1541 567 1544 578 Ι
1696 476 1775 552 sor·

221 628 311 696 P.C.
336 628 483 713 Agrippa
505 645 547 690 ex
575 623 716 690 Oriente
742 622 845 703 redit,
871 627 990 724 eique⁸
1025 649 1132 709 mors,
1159 645 1242 716 quse
1264 628 1347 694 hane
1368 629 1558 716 dignitatem
1578 632 1767 722 inticipsnt‚
1849 707 1852 716 ,

221 732 256 795 in
271 729 361 795 alind
383 727 636 815 quinquennium
659 727 734 792 trib.
751 741 894 811 potestas
912 730 968 795 de·
1024 731 1113 795 inter
1139 753 1221 817 quae
1248 732 1460 815 praecipuum
1482 748 1531 797 est
1552 736 1651 816 illud,
1679 739 1768 824 quod

223 833 380 899 cernitur.
404 835 471 895 Ara
488 832 582 895 Pacis
600 830 806 893 constituitur
821 837 862 915 ⁸).
1025 832 1117 897 dedit
1147 834 1308 896 Gruterus
1331 835 1377 916 e)‚
1409 849 1442 897 et
1472 836 1569 900 etiem
1598 853 1672 920 post
1698 853 1770 903 ten·

282 935 415 997 Desunt
443 934 540 1016 hujus
566 933 641 996 anni
663 934 753 993 numi
777 933 877 1011 certi,
904 934 968 996 nisi
1024 946 1105 998 tatas
1135 934 1360 1000 correctiones
1388 936 1511 998 Norisii
1533 937 1578 1020 ί),
1615 953 1650 1003 et
1677 942 1770 1007 chis-

220 1035 307 1098 lorte
346 1035 411 1097 huc
450 1055 579 1121 quoque
619 1035 786 1118 pertinent
819 1034 968 1119 inscripti
1024 1035 1108 1098 hulli
1135 1039 1167 1118 s)
1197 1034 1233 1099 in
1259 1037 1345 1102 uotis
1382 1036 1625 1124 chronologicis
1663 1042 1779 1109 sdhuo

221 1138 310 1201 [ΡΜ.
328 1136 389 1211 X„
414 1134 471 1222 qui
489 1134 531 1199 ad
554 1156 672 1200 annum
696 1149 891 1222 sequentem
913 1137 970 1203 de·
1025 1149 1151 1222 peceat.

220 1235 416 1302 scribentur.
1176 1230 1182 1243 ⁶
1283 1267 1306 1308 e
1385 1221 1407 1262 ⁶
1490 1271 1511 1312 e

1088 1338 1141 1402 Ad
1159 1339 1244 1427 bunc
1260 1361 1377 1403 annum
1396 1340 1435 1405 ab
1453 1342 1590 1408 eruditis
1606 1344 1780 1412 celloran·-

409 1424 450 1483 V·
470 1421 506 1484 ⁰·
524 1427 586 1503 742
607 1420 655 1486 A·
670 1421 715 1487 Χ·
736 1434 782 1482 ¹⁹·
1025 1453 1080 1505 tur
1107 1441 1213 1519 numi,
1242 1442 1298 1526 qui
1319 1444 1501 1526 Augustum
1526 1447 1771 1513 lMPeratorem

283 1540 353 1604 Tit.
373 1539 591 1604 P.X1.X11.
614 1540 710 1603 COS.
726 1539 791 1605 ΧΙ.
811 1539 911 1604 ΙΜΡ.
1025 1543 1066 1604 X.
1084 1543 1212 1620 dicunt,
1240 1557 1275 1605 ut
1296 1558 1329 1606 et
1353 1545 1393 1621 ii,
1417 1546 1450 1606 in
1470 1545 1584 1630 quibus
1609 1561 1659 1609 est
1678 1551 1767 1614 lMP.

528 1658 576 1723 χ,
592 1658 659 1722 χΙ,
1025 1644 1082 1709 Xl.
1112 1647 1228 1730 Neque
1250 1645 1402 1722 historia,
1430 1667 1538 1730 neque
1562 1666 1772 1715 monumenta

1026 1759 1225 1828 repugnant,
1251 1760 1287 1809 ut
1310 1747 1437 1811 (licetur
1457 1748 1491 1809 iu
1514 1747 1579 1812 line
1598 1749 1657 1813 sub
1674 1752 1770 1816 titulo

1027 1846 1224 1929 Imperator.

1187 1947 1432 2019 AVGVSTVS.
1454 1951 1560 2022 DIVI.
1583 1950 1623 2020 F.
1663 1953 1786 2031 Caput·

534 2064 660 2146 nepe
987 2103 993 2114 ·
1190 2052 1339 2115 nudum·-

340 2158 582 2246 popum-EX
598 2181 861 2248 MAXIMVS„
1009 2146 1113 2210 utor.
1133 2146 1176 2214 X.
1196 2149 1295 2216 ΔΟΤ.
1326 2153 1453 2243 Apollo
1477 2154 1605 2217 Aetius
1625 2154 1772 2217 stolatus
1794 2195 1797 2203 -

1025 2260 1121 2311 stans
1146 2252 1178 2314 d.
1199 2253 1381 2330 plectrum,
1406 2275 1433 2336 s.
1456 2255 1576 2336 lyram.
1604 2254 1679 2357 AV}
1698 2255 1772 2320 AR.

282 2349 431 2432 Agrippa
445 2348 607 2432 repressis
623 2348 800 2411 Pannoniis
814 2347 919 2411 redux
933 2349 969 2409 in
1027 2352 1128 2432 (Mus.
1146 2349 1255 2433 Caes.)

218 2451 398 2534 Campania
435 2450 663 2533 exstinguitur.
707 2450 871 2532 Augustus
903 2448 969 2531 pri·
1090 2451 1254 2545 Quantum
1268 2451 1416 2535 Apollini
1429 2429 1525 2517 bctio
1541 2453 1774 2520 debueritAu·

217 2552 321 2635 tigno
345 2550 499 2625 Tiberio,
531 2551 621 2635 prins
643 2549 830 2632 Vipsanium
851 2549 969 2633 Agrip-
1028 2553 1295 2635 gustum-inutile
1313 2567 1479 2636 repetere.
1508 2556 1573 2648 Qui
1590 2577 1652 2639 pro
1669 2558 1772 2642 Apol·

218 2654 331 2738 pinara
361 2649 529 2735 Agrippae
564 2665 599 2715 et
629 2645 830 2734 Pomponiae
868 2650 969 2713 filiam
1026 2652 1094 2715 line
1117 2657 1243 2717 Musam
1266 2654 1300 2714 in
1320 2653 1385 2717 hoc
1404 2676 1503 2718 numo
1524 2656 1675 2720 exhiberi
1696 2679 1772 2740 pro-

219 1798 272 1864 Μ.
288 1796 429 1862 Valerio
448 1796 614 1859 Messalla
633 1795 802 1874 Barbara,
819 1797 859 1864 P.
874 1793 968 1879 δαίμ.

480 1895 625 1978 Quirino
645 1916 712 1960 cos.

218 2751 397 2837 repudiare
414 2745 523 2833 iusso,
551 2750 663 2814 Iulium
684 2751 784 2814 filiam
802 2754 968 2837 Agrippae
1027 2767 1103 2838 pter
1126 2754 1249 2817 cultum
1272 2755 1469 2819 muliebrem
1494 2771 1621 2840 putant,
1650 2759 1774 2843 patieu·
1894 2750 1903 2760 ’

221 2851 352 2919 viduam
389 2850 590 2937 despondet,
630 2867 663 2915 ct
694 2875 780 2916 anno
811 2867 969 2938 sequente
1027 2855 1220 2930 terserunt,
1239 2875 1275 2917 se
1291 2877 1391 2919 numo
1407 2856 1513 2939 gentis
1529 2859 1688 2921 Antistiae
1703 2862 1774 2940 ple·

221 2955 432 3019 matrimonio
456 2955 561 3038 jungit
583 2952 628 3037 b).
668 2955 820 3018 Tiberius
845 2958 971 3017 Panno·
1028 2956 1144 3018 nisime
1170 2955 1340 3040 redargui,
1372 2957 1406 3018 in
1429 2978 1493 3042 quo
1520 2959 1608 3040 juxta
1633 2959 1773 3020 similem

220 3058 314 3132 nius,
346 3056 474 3117 Drusus
497 3057 682 3121 Sicambros
709 3072 743 3120 et
763 3055 888 3119 Frisios
916 3055 973 3119 do·
1029 3055 1166 3136 figuram
1196 3058 1345 3120 stolatam
1375 3058 1513 3142 legitur:
1551 3059 1771 3124 APOLLINI.

215 3170 301 3222 nt.
336 3157 502 3241 Augustus
532 3157 567 3219 in
597 3159 707 3222 locum
737 3159 858 3223 mortui
888 3178 971 3223 auno
1030 3157 1178 3222 ACTIO.
1220 3160 1305 3221 Nota
1336 3173 1386 3223 est
1420 3159 1703 3236 citharoedorum,
1738 3176 1772 3224 et

220 3256 460 3345 praecedente-
476 3259 597 3344 Lepidi
624 3262 847 3346 pontificatum
875 3261 973 3324 maxi·
1029 3259 1191 3342 Apollinis
1225 3259 1406 3324 citharoedi
1436 3261 1536 3341 stola,
1581 3263 1650 3327 sire
1688 3263 1775 3347 palla

218 3382 313 3425 mum
342 3360 478 3444 suscipit
507 3381 605 3445 saepe
628 3383 669 3426 eo
692 3363 797 3426 adbuc
819 3361 894 3430 viro
916 3347 979 3426 obss
1031 3382 1104 3425 cum
1127 3382 1168 3424 ex
1189 3363 1425 3443 monumentis,
1456 3377 1524 3426 tum
1546 3364 1772 3451 scriptoribus.

218 3463 342 3540 tasum,
372 3483 506 3546 semper
526 3478 726 3541 recusatum,
756 3464 909 3548 quoniam
931 3486 973 3530 ex
1031 3461 1116 3531 Vide
1155 3462 1239 3526 inira
1275 3485 1391 3527 numos
1427 3466 1567 3528 Neronis
1599 3467 1776 3551 inscriptos

220 3563 302 3648 lege
324 3564 456 3627 nonnisi
477 3586 540 3648 per
560 3566 693 3629 alterius
716 3579 857 3629 mortem
883 3588 973 3632 vaca·
1030 3563 1163 3627 PONT.
1179 3565 1302 3642 MAX„
1326 3579 1395 3628 tum
1412 3579 1446 3628 et
1464 3567 1626 3650 insignem
1640 3556 1807 3630 numum'
1856 3578 1867 3590 ⁵

221 3666 292 3731 bur.
336 3668 505 3731 Hactenus
538 3667 637 3731 initus
668 3668 722 3730 hio
754 3669 858 3730 bonos
889 3689 973 3732 nuno
1030 3664 1390 3750 Hierapolistrygiae
1406 3665 1774 3749 apudPelleriniumh).
1849 3737 1853 3741 ,

224 3771 399 3854 superiore
432 3768 648 3847 credebatur,
687 3790 800 3835 rernm
830 3768 973 3854 insignes
1032 3770 1077 3831 Et
1099 3768 1249 3832 Tibullus
1273 3768 1411 3852 loquens
1435 3770 1476 3833 de
1501 3769 1655 3853 Apolline
1676 3768 1776 3834 citha-

223 3870 316 3935 rusi
342 3870 455 3939 Verrii
476 3884 685 3955 praesentem
713 3870 913 3934 constituunt
932 3874 975 3954 ⁰).
1032 3865 1208 3951 roedo1⁵)=

222 3972 363 4038 rectum
389 3970 479 4035 istud
504 3973 613 4057 pridie
636 3994 713 4038 non.
737 3976 833 4036 Mart.
856 3972 976 4037 docen·
1098 3973 1171 4035 Ima
1187 3973 1365 4035 videbatur
1382 3974 1464 4035 talis
1480 3974 1621 4035 illudere
1634 3974 1746 4053 palla,

223 4074 312 4138 tilius
329 4072 449 4138 iisdem
468 4075 576 4152 iestis,
599 4074 721 4138 Ovidis
737 4071 787 4157 d)‚
810 4089 843 4139 et
860 4072 974 4140 vete're
1139 4060 1289 4153 Namque
1306 4073 1389 4136 baec
1403 4077 1440 4139 irs
1459 4075 1566 4138 nitido
1580 4094 1712 4164 corpore
1726 4095 1778 4134 ve·

221 4174 437 4242 Kelenderis.
478 4178 554 4241 Non
585 4177 748 4240 audienda
780 4197 861 4260 ergo
893 4196 976 4239 mar·
1525 4177 1589 4236 stis
1605 4185 1687 4235 erat.

258 4510 597 4590 undecennium.
658 4508 1092 4583 b)1>10L.L1V.§.3s.et35.
1159 4511 1190 4580 c)
1209 4506 1434 4583 rogginipms.
1495 4505 1530 4576 d)
1548 4505 1628 4562 fast
1641 4502 1693 4560 111.
1708 4513 1770 4565 tro.

222 4607 255 4677 a)
271 4611 417 4681 1³23.th
433 4610 539 4667 umet
624 4599 746 4672 OCen.
760 4599 820 4657 Pis.
836 4598 907 4655 diss.
921 4599 958 4660 11.
974 4619 999 4660 c.
1013 4612 1056 4660 ιο.
1142 4599 1176 4675 g)
1195 4595 1484 4671 AutAsiat.p.187.
1538 4591 1777 4669 ·b)rSoppl.ll.

223 4691 445 4755 numme
520 4691 546 4762 o
565 4686 911 4766 susten-uvas
1379 4786 1385 4795 .
1476 4771 1547 4834 0„
