4012 5370
252 509 278 578 a
786 487 988 563 IVLIVS
1024 486 1266 572 CAESAR.

249 664 294 725 tia
322 658 543 735 incredibilis,
576 657 622 721 sic
650 669 686 720 ut
718 659 909 742 sauguinem
936 659 999 722 nisi

248 763 436 832 obsistentis
458 783 525 824 non
550 759 745 823 affunderet.
767 763 933 844 inpugna
957 762 998 826 ad

245 865 457 940 Pharsalum,
474 875 509 924 ut
528 876 721 945 parceretur
739 862 882 940 civibus,
904 884 998 947 prae-

247 967 339 1031 conis
361 986 444 1031 voce
467 966 587 1042 edixit,
610 968 715 1049 posita
734 965 833 1027 simul
852 987 926 1029 cum
946 989 998 1030 ar·

245 1071 307 1133 mis
341 1068 433 1145 odia,
466 1089 541 1131 cum
574 1067 765 1150 victiqnon
793 1066 829 1129 in
858 1068 996 1150 gratiam

246 1171 346 1237 modo
373 1170 493 1248 rediit,
519 1168 580 1232 sed
611 1189 691 1252 opes
720 1169 817 1232 etiam
839 1184 873 1232 at
894 1173 997 1235 hono·

245 1376 397 1449 samiam,
430 1393 512 1457 quae
547 1387 635 1436 tauta
671 1372 752 1450 suit,
781 1388 818 1436 ut
852 1374 994 1435 omnium

244 1479 393 1542 virorum
414 1474 553 1551 mulier,
577 1474 721 1536 omnium
748 1475 922 1538 mulierum
945 1475 996 1540 vir

248 1578 434 1652 diceretur,
463 1576 603 1638 alterum
624 1576 735 1640 habuit
756 1578 868 1643 vitium
892 1579 994 1641 multo

247 1678 454 1763 pestilentius
491 1677 720 1755 ambitionem,
762 1701 824 1764 qua
861 1680 938 1742 inde
976 1701 994 1743 a

247 1781 372 1843 teneris
395 1781 483 1843 orbis
511 1793 676 1845 terrarum
702 1781 878 1864 imperium
909 1800 998 1843 com·

246 1885 364 1968 plexus
400 1895 460 1944 est.
512 1882 598 1944 Huic
632 1895 669 1944 ut
708 1883 838 1960 litaret,
879 1883 995 1958 multa,

248 1984 364 2070 quibus
387 2003 449 2066 per
470 1972 617 2045 naturam
639 1983 868 2061 abstinuisset,
898 2006 995 2068 agen·

248 2087 289 2149 da
307 2087 440 2147 fuerunt
457 2082 593 2166 injusto,
617 2085 757 2147 faciendi
779 2100 924 2169 sumptus
948 2086 995 2147 iu·

250 2199 382 2271 gentes,
412 2197 448 2245 ut
467 2185 580 2268 populi
595 2185 755 2250 beneficio
773 2188 917 2249 honores
939 2199 994 2248 aut

248 2299 505 2364 maturarentur,
537 2302 592 2351 aut
613 2303 891 2372 prorogarentur,
919 2287 994 2350 soli·

247 2388 394 2454 citandae
425 2402 540 2471 gentes
572 2390 668 2453 etiam
696 2404 845 2473 pacatae,
876 2389 911 2451 ut
939 2389 996 2451 tri·

247 2490 377 2573 umphis
399 2490 568 2553 materiam
591 2490 799 2570 sufficerent,
828 2490 993 2554 vexandae

249 2593 346 2654 urbes
371 2592 478 2654 sociae
506 2606 540 2655 et
569 2593 709 2671 amicae,
740 2592 921 2677 diripienda
950 2591 995 2655 fa·

245 2717 308 2771 na,
331 2707 365 2756 et
389 2693 513 2756 aeraria
544 2695 691 2776 publica,
721 2716 759 2759 ac
791 2696 930 2779 denique
960 2693 994 2754 iu

247 2799 335 2880 ipsos
351 2796 439 2859 eires
455 2816 543 2859 arma
558 2796 723 2860 vertenda.
748 2798 832 2861 Sane
849 2797 993 2860 omnium

246 2898 452 2962 confessione
482 2897 636 2980 princeps
660 2899 775 2964 fuisset
799 2920 841 2963 eo
863 2899 992 2982 fastigio

224 2999 472 3086 dignissimus,
497 3014 531 3062 et
555 3001 721 3080 omnihus,
745 3015 905 3088 quotquot
924 3003 994 3066 fue·

246 3125 302 3181 re,
317 3101 562 3179 anteferendus,
577 3102 605 3165 si
617 3103 789 3184 imperium
803 3103 993 3166 hereditatis

246 3206 319 3286 jure
342 3201 514 3278 adivisset,
535 3216 575 3280 et
591 3222 663 3265 nou
681 3204 798 3266 luisset
815 3204 914 3267 mutis
939 3227 991 3288 pa-

247 3289 394 3368 randum.

308 3408 437 3473 onres
472 3404 565 3468 duxit
603 3409 629 3471 l.
665 3407 853 3470 Cossutium
887 3407 992 3472 adhuc

246 3521 481 3593 praetextatus,
501 3507 561 3570 sed
580 3529 675 3592 quam
701 3529 777 3572 mox
798 3507 929 3575 dimisit.
951 3513 991 3571 IL

250 3606 438 3674 Cornelium
447 3610 569 3685 Cinnae
588 3625 704 3695 quater
720 3613 869 3706 consulis·
880 3612 991 3690 liliam,

1119 663 1171 724 Ex
1190 663 1365 748 Cleopatra
1384 661 1628 727 Caesarianam.

1102 969 1232 1050 signati
1246 983 1348 1047 usque
1364 861 1548 1066 dldua'llrlum
1568 971 1610 1034 V.
1628 968 1664 1037 0.
1680 939 1757 1052 pol).

1199 1171 1307 1253 Caput
1325 1171 1363 1234 V
1358 1172 1476 1235 caetis.

1053 1271 1235 1337 CAESAR.
1274 1271 1411 1335 Aeneas
1438 1275 1597 1355 gradiens
1626 1274 1660 1336 d.
1685 1275 1800 1334 Pallu-

1052 1376 1163 1450 dium,
1184 1397 1210 1437 s.
1232 1370 1407 1439 Anchisen
1419 1386 1542 1455 gestat.
1563 1353 1638 1439 dli.
1661 1375 1807 1440 Restitu-

1052 1487 1104 1538 tus
1121 1476 1221 1541 etiam
1245 1496 1262 1537 a
1280 1472 1432 1555 Trojano.

1117 1577 1229 1643 Venus
1257 1573 1371 1638 obvius
1392 1575 1425 1636 iu
1451 1575 1728 1640 caesarianum
1757 1591 1803 1658 ty·

1046 1700 1123 1764 pus.
1158 1677 1281 1739 Passim
1311 1675 1491 1756 creditum,
1523 1679 1637 1743 lulium
1668 1693 1803 1763 gentem

1052 1781 1092 1845 ad
1123 1781 1228 1842 Iulum
1255 1780 1390 1842 Aeneae
1421 1776 1542 1856 lilium,
1571 1780 1716 1848 Veneris
1747 1800 1805 1844 ue·

1051 1895 1182 1968 potem,
1206 1901 1309 1965 genus
1331 1901 1425 1942 suum
1445 1880 1585 1947 referre.
1621 1885 1696 1965 Ipse
1724 1883 1806 1947 Cae·

1054 2005 1107 2047 aar
1129 1997 1213 2046 teste
1241 1983 1398 2047 Suetonio
1415 1985 1444 2065 ⁰)
1473 1983 1508 2046 in
1536 1983 1723 2047 laudatione
1752 1985 1803 2048 iu·

1052 2086 1147 2150 nebri
1169 2085 1285 2148 amitae
1306 2084 1407 2148 Iuliae
1428 2085 1493 2149 hoc
1516 2085 1617 2150 decus
1635 2086 1742 2169 palam
1758 2087 1802 2169 ja-

1051 2187 1167 2253 ctavit:
1199 2188 1341 2250 Amitae
1363 2207 1454 2250 meuc
1474 2188 1586 2251 duliae
1613 2201 1798 2252 maternam

1048 2310 1154 2373 genus
1176 2309 1197 2348 a
1219 2290 1353 2369 regibus
1377 2302 1501 2366 ortum,
1520 2302 1702 2372 paternum
1726 2310 1799 2354 cum

1051 2394 1118 2453 diis
1132 2390 1378 2452 immortalibus
1394 2390 1604 2470 conjunctum
1622 2404 1683 2453 est.
1718 2391 1799 2455 Num

1051 2492 1093 2552 ab
1106 2492 1204 2552 Anco
1218 2492 1353 2553 Marcio
1366 2491 1495 2554 Marcii
1507 2504 1586 2555 suat
1601 2493 1720 2576 Reges,
1737 2513 1799 2574 quo

1052 2594 1184 2654 nomine
1195 2592 1274 2674 fuit
1292 2603 1414 2671 mater,
1434 2615 1456 2657 a
1476 2597 1603 2656 Venere
1622 2595 1723 2672 Iulii,
1746 2617 1800 2660 cu·
1881 2587 1883 2590 ⁴

1046 2695 1103 2774 jus
1118 2696 1378 2777 gemissamiliu
1394 2708 1446 2756 est
1458 2706 1583 2760 nostru.
1608 2695 1721 2788 Quare
1734 2699 1800 2767 Ve-
1828 2690 1835 2697 ’

1051 2795 1142 2872 neri,
1166 2795 1332 2878 genitricis
1350 2796 1500 2874 nomine,
1521 2817 1582 2880 per
1606 2817 1738 2862 omnem
1754 2800 1817 2869 ri·⁴
1852 2830 1857 2841 ·

1050 2911 1116 2961 tam
1138 2899 1277 2960 maxime
1296 2896 1358 2958 luit
1377 2897 1534 2976 devotus,
1550 2900 1604 2962 cui
1624 2913 1701 2964 ante
1720 2921 1800 2986 pag·

1050 3022 1124 3064 nam
1138 3001 1356 3062 Pharsalicam
1376 3002 1534 3082 templum
1559 3001 1666 3079 vovit,
1684 3023 1722 3066 ac
1743 3024 1797 3087 po·

1049 3117 1118 3165 stes
1129 3102 1290 3166 dedicavit
1305 3102 1344 3178 d).
1359 3103 1518 3165 Aversam
1532 3104 1659 3167 obtinet
1669 3106 1798 3170 Aeneas

1049 3205 1191 3272 Veneris
1210 3204 1295 3266 lilius
1315 3205 1421 3288 gentis
1442 3207 1542 3270 Iuliae
1559 3207 1745 3292 perlulum
1761 3205 1798 3270 ii·

1044 3306 1130 3369 lium
1142 3320 1267 3373 auctor.
1292 3305 1429 3373 Ovidius
1444 3308 1494 3393 ι),ι

1112 3457 1202 3520 Hinc
1226 3457 1316 3519 videt
1340 3455 1493 3520 Aeneam
1520 3471 1693 3521 oneratum
1717 3477 1797 3540 porr·

1495 3559 1573 3622 deae
1591 3561 1712 3636 charo,

247 3734 285 3777 ea
302 3725 429 3775 mortua
447 3714 503 3773 HL
522 3715 709 3794 Pompeiam
728 3713 770 3804 Q·
788 3715 940 3798 Pompeii
956 3713 991 3776 fi·
1017 3737 1022 3750 Ι
1152 3661 1200 3723 Et
1217 3671 1268 3722 tot
1289 3660 1404 3724 Iuleae
1427 3661 1727 3772 nobilitatisuuos.

246 3817 322 3879 liam
352 3813 463 3880 Sullae
496 3830 648 3896 neptem,
679 3837 774 3900 quam
807 3817 992 3899 repudiavit
1046 3815 1186 3900 Reliqua
1206 3817 1377 3878 innumera
1407 3817 1594 3881 testimonia
1624 3818 1666 3882 de
1697 3819 1795 3883 lulio·

246 3931 429 4001 suspectam
451 3918 605 3984 adulterii
626 3918 699 3982 cum
726 3921 763 3983 P.
784 3919 911 3983 Clodio.
935 3922 989 3987 IV.
1044 3941 1120 3980 rum
1150 3939 1192 3980 ex
1224 3920 1375 3996 Venere,
1398 3934 1432 3982 et
1465 3919 1609 3982 Anchise
1640 3923 1793 4005 prosapia

248 4021 465 4102 Calpurnium
491 4024 530 4085 L.
551 4022 680 4085 Pisonis
701 4019 798 4083 liliam
823 4023 857 4082 in
878 4032 992 4085 consu·
1047 4017 1121 4082 vide
1144 4018 1229 4103 apud
1251 4020 1476 4102 Schlegelium
1496 4022 1530 4082 iu
1549 4025 1652 4105 lmpp.
1672 4025 1793 4087 Moret-

246 4122 375 4195 latu1).
483 4171 485 4178 .
1049 4121 1085 4181 1ἰί
1107 4125 1201 4185 Τοιιι.
1225 4124 1249 4186 1.
1277 4145 1309 4206 p.
1333 4124 1373 4185 36
1396 4137 1430 4185 et
1450 4125 1502 4186 58.
1538 4124 1646 4187 Alium
1676 4144 1792 4209 genea-

197 4215 205 4225 ’
308 4224 425 4288 Filiam
449 4226 573 4287 Iuliam
597 4244 644 4288 ex
667 4224 824 4287 Cornelia
858 4223 989 4307 genuit,
1048 4223 1170 4307 logiam
1216 4224 1332 4284 struxit
1371 4228 1493 4297 fauctor
1531 4225 1790 4308 epigrammatis,

245 4347 341 4410 quam
375 4328 489 4390 consul
529 4327 688 4410 Pompejo
723 4330 770 4390 M.
801 4325 990 4402 collocarit,
1049 4324 1136 4408 quod
1158 4323 1283 4407 Ephesi
1304 4326 1431 4410 reperit
1451 4328 1652 4405 Pooochius3
1683 4331 1791 4414 rulga·

246 4450 328 4512 quae
347 4429 428 4492 obiit
444 4431 486 4495 V.
504 4430 539 4491 C.
555 4450 618 4511 700
635 4426 678 4512 Ιι).
1047 4427 1158 4511 vitque
1180 4423 1222 4502 f).

285 4655 317 4721 a)
338 4653 730 4732 Sueton.·capp.1‚6‚21.
830 4653 864 4727 lt)
886 4615 1229 4716 niolaxthxaot.
1331 4655 1362 4726 c)
1384 4655 1456 4735 Cap.
1471 4657 1500 4719 6.
1605 4656 1640 4728 d)
1660 4661 1786 4736 Appiae.
1893 4711 1896 4720 .

244 4742 317 4800 Bell.
335 4743 391 4799 cir.
410 4743 441 4798 L.
459 4743 496 4803 ll.
595 4749 625 4817 a)
644 4747 723 4801 Fast.
738 4744 770 4801 L.
786 4744 822 4804 V.
836 4764 863 4802 v.
879 4749 939 4809 565.
1041 4745 1067 4814 O
1088 4745 1180 4801 luscr.
1196 4755 1254 4804 ant.
1272 4763 1303 4819 p.
1318 4753 1358 4808 ιθ.
