3998 5340
218 464 292 538 4„
805 438 1186 515 nauataave.

145 676 152 689 ,
218 615 407 706 griuationia
433 614 480 678 ita
506 610 568 676 luit
593 609 749 695 cupium,
780 622 816 674 ut
838 611 961 689 omnia,
1020 608 1110 677 viror
1138 608 1221 694 rein
1250 608 1472 691 clariaaimot,
1500 625 1541 677 et
1569 614 1784 685 emulum.

217 740 300 807 quac
329 718 457 804 legerat
483 713 525 779 da
555 713 637 778 looit
664 712 753 779 orbiu
781 726 961 790 terrarum,
1021 725 1172 799 unquam
1200 711 1378 797 imparium
1413 710 1648 795 adfectarent,
1679 716 1783 781 occidi

215 841 372 907 praecona
405 818 508 885 vellet
535 815 718 881 additcerc.
760 817 841 878 Tam
871 834 964 900 prae·
1022 812 1125 895 jussit.
1164 812 1329 908 Quantum
1356 814 1421 881 tibi
1449 834 1495 883 eu
1522 814 1577 881 bia
1607 816 1781 883 moritu

214 926 323 990 clarae
345 923 430 989 ritae
450 917 608 983 maculam
627 936 800 1000 aspernere
817 916 963 1001 volupta-
1021 915 1246 982 conciliaverit
1260 930 1392 983 tenatur
1405 914 1541 997 udin,
1556 916 1653 985 inira
1665 920 1703 983 in
1714 920 1781 1003 ajat

215 1041 283 1105 tea,
305 1027 339 1089 in
355 1023 472 1111 quibua
491 1006 626 1084 nimium
642 1038 719 1083 cum
735 1017 836 1082 iubae
853 1017 963 1102 perlai-
1020 1020 1208 1085 conaecrati
1243 1019 1352 1085 numia
1385 1038 1585 1109 percoquat.
1630 1020 1779 1087 Anina-

214 1130 272 1193 bet
299 1127 499 1212 Spartianua.
536 1121 758 1184 lucontultum
781 1120 852 1202 ejua
875 1139 963 1184 arno·
1021 1120 1140 1206 egredi
1159 1134 1366 1187 cunctantem
1385 1116 1440 1187 itit
1458 1120 1660 1191 oohcmtua
1682 1122 1780 1191 vetti·

214 1252 303 1303 rem,
327 1249 391 1311 quo
411 1227 445 1287 in
464 1243 603 1307 puerum
622 1222 799 1285 Antinoum
818 1220 964 1296 furebat,
1022 1223 1106 1287 culie
1123 1222 1230 1287 fertur
1245 1224 1294 1306 ο)ε

214 1334 248 1393 in
267 1330 363 1411 hujus
380 1325 494 1389 numia'
506 1322 780 1408 peretringcmua.
800 1322 894 1384 Pacit
910 1342 964 1387 ve·
1066 1325 1235 1388 Animula
1253 1324 1396 1408 vagula,
1418 1322 1604 1405 blandula,

214 1453 255 1495 ro
275 1430 376 1493 iuiase
396 1425 658 1513 appetentiorem
675 1423 844 1508 proditur,
867 1443 964 1506 quum
1064 1425 1208 1506 Hospes,
1231 1446 1402 1506 comesque
1418 1430 1588 1511 carpens,

214 1532 302 1596 iatud
324 1528 456 1615 imperii
475 1527 675 1611 majestatem
694 1525 815 1590 decere
836 1525 965 1590 ridere·
1067 1527 1163 1611 Quae
1185 1528 1401 1591 narrabitis
1418 1528 1458 1591 t‘a
1478 1529 1556 1593 loco

215 1647 285 1709 tur;
310 1654 384 1697 nam
405 1630 577 1716 pecuniam
595 1648 672 1693 eum
692 1629 814 1692 entenic
833 1648 966 1712 erogat·
1063 1627 1255 1705 Pollidula,
1276 1630 1409 1711 rigido,
1431 1630 1582 1711 mmtu,

216 1757 267 1813 ae,
291 1756 332 1799 nc
353 1734 431 1819 quid
452 1732 531 1796 novi
550 1733 759 1807 molirentur,
780 1751 846 1793 non
865 1730 965 1793 modo
1065 1726 1151 1804 ll'cc,
1174 1740 1213 1791 ut
1230 1728 1332 1806 solet,
1354 1730 1453 1795 datis
1464 1730 1574 1810 jocos.

215 1839 280 1901 Dio
295 1836 394 1900 tradit
409 1838 458 1918 ·),
480 1833 540 1898 aad
562 1849 597 1898 et
620 1833 766 1917 apertiuc
783 1832 898 1900 Victor
913 1830 963 1912 ΙΦ),
1022 1828 1112 1894 letud
1133 1847 1283 1908 carmen,
1311 1828 1340 1892 ai
1363 1830 1501 1897 leatirut
1524 1830 1661 1917 quidam
1684 1834 1775 1921 lepor

143 1962 147 1969 ·
215 1962 292 2004 eum
310 1963 328 2003 a
348 1937 482 2023 regibua
500 1935 610 1998 multia
628 1955 709 2021 pace
730 1953 793 2018 ope
819 1933 965 1998 occulto·
1021 1932 1110 1996 iuter
1127 1929 1260 1995 facetiae
1278 1928 1380 2010 ludit,
1401 1945 1511 2017 potett
1528 1954 1610 1999 uana
1628 1934 1773 2001 duamu-

215 2064 288 2104 rum
317 2060 491 2103 munerum
515 2038 687 2123 impetrata
712 2033 882 2121 jactatitte
908 2057 963 2120 pa·
1021 2033 1093 2099 lari.
1125 2033 1182 2097 Sin
1203 2046 1433 2117 argumentum
1454 2046 1506 2101 ott
1527 2034 1663 2121 judicii,
1687 2034 1773 2123 quod

214 2145 297 2221 lam,
327 2142 401 2227 plue
428 2160 464 2204 ae
495 2140 562 2202 otio
591 2140 763 2223 adeptum,
791 2159 886 2222 quam
913 2158 963 2200 ar·
1021 2134 1063 2200 de
1080 2136 1212 2220 pulcra,
1231 2134 1566 2221 justaqaaauaibauui
1583 2136 1774 2204 rationetu-

215 2245 277 2304 mia
312 2256 453 2306 ceteroa.
498 2241 622 2307 Verum
658 2240 762 2303 multo
800 2239 963 2303 funestior
1018 2239 1076 2314 lit,
1109 2236 1275 2315 videmur,
1307 2236 1370 2299 ribi
1397 2233 1433 2301 iu
1458 2236 1531 2322 ipae
1561 2252 1672 2303 morte
1700 2258 1774 2305 cou-

216 2347 287 2425 cjua
307 2342 370 2405 fuit
386 2341 522 2417 invidia,
544 2362 607 2424 qua
623 2341 799 2404 insectatur
816 2354 868 2403 cat
885 2361 961 2417 coe,
1020 2352 1105 2403 utare
1121 2338 1340 2421 Hadrianum,
1358 2338 1416 2425 qui
1432 2353 1573 2423 vegetae
1592 2340 1770 2429 valentque

215 2446 271 2530 qui
294 2445 328 2505 in
348 2457 418 2506 arto
441 2442 589 2527 quapiam
612 2442 819 2518 excelluere,
847 2441 895 2505 cic
928 2454 963 2505 ut
1021 2432 1253 2507 Antimachum
1279 2442 1449 2519 llotnero,
1487 2442 1651 2507 Gutotneu
1683 2444 1772 2511 Ciet-

214 2548 333 2610 laorum
368 2564 434 2606 non
468 2562 589 2625 paucos
619 2542 660 2605 ad
691 2556 830 2605 mortem
865 2542 963 2605 ctiam
1020 2542 1111 2619 roni,
1142 2542 1286 2606 Ennium
1315 2542 1461 2627 Virgilio
1487 2542 1597 2629 potuit
1626 2544 1773 2631 ancien

216 2649 382 2733 adigeret,
419 2665 502 2732 quoe
531 2643 618 2709 inter
650 2646 745 2709 luere
777 2645 964 2730 Euphratae
1019 2664 1059 2707 ra
1075 2643 1126 2727 d),
1156 2659 1190 2708 ct
1211 2658 1286 2709 aunt
1306 2644 1331 2709 ii
1351 2645 1447 2711 vania
1467 2642 1579 2729 digni,
1608 2646 1669 2733 qui
1698 2667 1771 2713 eun

216 2750 360 2815 celebria
399 2749 469 2834 ejua
505 2748 618 2810 aetatis
654 2747 887 2831 philosophus,
929 2762 964 2813 et
1022 2748 1237 2825 Graeculum,
1261 2762 1295 2811 et
1313 2745 1493 2831 uophittam
1511 2746 1770 2831 perludiltriun

217 2852 439 2938 Apollodorus
462 2852 700 2926 Damasceuua,
725 2849 791 2914 lori
812 2850 962 2931 Trajani,
1020 2849 1279 2932 appellaverunt.
1301 2848 1456 2933 Sepultut
1475 2862 1529 2913 ott
1547 2848 1693 2935 primurn
1711 2851 1772 2913 Pu·

216 2972 249 3019 et
268 2956 375 3041 pontia
395 2956 428 3017 iu
447 2950 600 3016 Danubio
621 2950 840 3028 architectus,
862 2964 897 3015 ct
919 2951 964 3017 vi·
1020 2951 1117 3014 tcolia
1132 2952 1165 3013 in
1183 2951 1261 3017 uilla
1279 2950 1465 3025 Ciceronit,
1486 2948 1559 3035 aja·
1579 2950 1705 3017 deinde
1727 2952 1770 3017 oi·

215 3082 287 3122 aum
306 3072 357 3120 eat
372 3053 555 3129 nonnullis,
582 3053 830 3145 pacirtantum,
858 3067 893 3116 et
912 3074 963 3117 ae·
1020 3073 1118 3117 nerea
1137 3053 1284 3117 translati
1298 3055 1436 3117 Rontutn
1455 3050 1491 3115 in
1505 3052 1664 3137 tepulutu
1683 3056 1767 3141 jutta

216 3160 360 3221 euritatia
385 3157 536 3241 publicae
564 3146 699 3215 obtentu
720 3156 761 3217 ab
783 3176 825 3219 co
847 3156 962 3219 Arme·
1020 3154 1186 3231 Tiberim,
1202 3156 1291 3240 quoti
1304 3154 1367 3219 tibi
1381 3155 1453 3241 iptc
1468 3154 1562 3223 vivut
1576 3154 1678 3239 tecit,
1696 3178 1768 3221 cou-

214 3261 319 3335 niam,
345 3261 489 3346 aliaeque
512 3260 696 3342 provinciae
719 3258 870 3333 relictas,
900 3257 963 3321 dia·
1020 3256 1080 3321 diti
1098 3270 1173 3321 aunt
1187 3259 1231 3339 ο).

215 3363 402 3448 jactamque
418 3363 646 3448 famigeratum
661 3360 803 3425 Danubii
817 3372 961 3443 pontem,
1062 3362 1212 3429 onrem
1226 3358 1354 3425 unicam
1367 3356 1480 3425 babuit
1491 3358 1654 3431 &tim
1665 3362 1766 3431 uuili

213 3488 333 3531 revera
361 3467 449 3551 quod
476 3466 607 3547 'l'rajani
635 3465 761 3549 gloriae
787 3461 962 3527 invideret.
1020 3463 1237 3530 matrimonio.

216 3572 272 3633 l'ti
288 3570 407 3633 laetum
423 3590 517 3645 eum,
536 3568 725 3642 liberalem,
749 3566 962 3641 clementem,

215 3672 259 3734 ita
281 3686 316 3734 et
336 3691 509 3745 tororum,
528 3685 701 3751 tenacem,
724 3666 963 3741 aimulatorcm,
1157 3710 1406 3779 AMMAD
1414 3708 1486 3779 n„
1495 3710 1525 3773 Β
1536 3708 1634 3779 310

215 3796 252 3837 ac
279 3794 430 3849 eaerum,
461 3772 603 3855 denique
632 3772 666 3831 in
697 3769 786 3832 omni
816 3769 880 3832 vita
910 3790 963 3831 va·

214 3879 300 3938 rium
325 3886 420 3937 vocat
441 3874 640 3957 Spartianus.
675 3870 835 3947 Saevitia,
866 3890 962 3953 quam
1041 3870 1214 3951 adportes
1228 3873 1362 3933 anticas
1377 3890 1552 3935 motorum
1567 3868 1744 3939 Habeat.

216 3978 379 4062 principio
415 3974 545 4057 imperii
584 3973 687 4035 caetis
724 3973 849 4053 aliquot
882 3972 962 4037 ririt

215 4078 499 4163 praettantiaaimia
521 4074 683 4161 prodidit,
713 4075 816 4136 multo
838 4074 963 4138 riolcu-
1060 4069 1112 4132 ald
1149 4071 1206 4133 baa
1240 4070 1522 4151 praemonendum
1551 4076 1596 4151 l.,
1631 4076 1761 4141 lludria·

215 4185 279 4245 tiua
302 4180 475 4267 postremia
506 4179 576 4261 ejua
605 4178 689 4240 uitae
717 4178 809 4240 annia
837 4176 961 4259 erupit,
1019 4192 1097 4235 uum
1114 4172 1202 4235 iniit
1219 4170 1415 4259 plerumque
1433 4174 1513 4257 lingi
1534 4174 1642 4259 cupito
1660 4176 1763 4249 nudo.

215 4305 288 4347 cum
312 4281 491 4347 accedente
516 4280 556 4343 ad
579 4279 686 4341 morbi
709 4279 843 4340 dolores
863 4275 962 4339 trirti·
1019 4274 1109 4359 quod
1134 4274 1240 4337 minua
1265 4274 1422 4361 lacqucna
1442 4288 1495 4339 eat
1515 4278 1550 4339 iu
1570 4280 1681 4345 nuntia
1699 4284 1763 4345 bu·

214 4388 259 4449 tia
289 4384 493 4470 pestilentius
524 4380 632 4444 adhuc
666 4380 786 4445 mulum
819 4378 960 4462 auspicio
1019 4387 1188 4459 gottorum
1211 4396 1285 4439 cum
1306 4376 1761 4465 proxime-praecedentium,

216 4490 357 4551 animum
380 4487 450 4565 ejus
473 4484 688 4569 peruaderet,
719 4504 781 4569 qua
802 4481 961 4565 impulaua
1006 4492 1087 4539 =tum
1104 4478 1385 4563 conacquentium.
1407 4480 1579 4569 Sunt,qui
1598 4482 1685 4549 istud
1703 4484 1765 4551 luo

255 4738 269 4765 a
307 4712 527 4784 l..l.Xl.l.§.9.
602 4711 636 4781 b)
657 4710 687 4766 in
701 4710 778 4786 Epir.
851 4712 880 4779 c)
903 4706 1151 4783 Spartiatae-25·
1227 4702 1261 4773 d?
1282 4704 1462 4781 Spattbio.
1537 4710 1570 4775 e)
1590 4708 1688 4787 Spart.
