4012 5370
238 500 307 568 138

234 651 334 721 VOS.
353 646 511 714 IVLIVS.
531 657 565 708 et
582 642 652 710 vel:
685 643 791 725 Caput
810 642 839 704 Ι.
861 643 979 705 Caesa·

230 759 280 818 ris
292 754 497 825 laureatum,
514 749 584 810 rel:
604 748 717 808 eadam
733 746 910 825 epigraphe
928 746 978 806 iu·

228 869 283 917 tro
302 855 462 914 lauream.
480 847 632 927 (Metelli
650 845 872 925 tabllllllll.)
895 847 977 907 Nam

231 951 342 1015 induci
376 970 440 1032 ego
472 970 538 1011 non
572 970 720 1032 possum,
759 961 795 1009 ut
827 947 975 1022 credam,

230 1074 348 1117 numos
373 1053 434 1114 hos
458 1042 496 1113 'in
522 1050 605 1113 urbe
631 1070 703 1112 esse
731 1049 873 1132 signatos
882 1070 893 1128 3
926 1050 981 1109 ha·

227 1156 307 1219 bent
337 1154 424 1217 enim
451 1167 594 1238 spectata
618 1152 757 1226 fabrica,
786 1164 820 1212 et
844 1150 978 1212 metallo

231 1256 344 1318 nescio
381 1253 458 1338 quid
500 1266 650 1317 monetae
681 1251 844 1328 Gallicae,
881 1271 978 1334 qnam

231 1356 396 1418 dederunt
417 1355 566 1418 coloniae
590 1354 708 1436 Copia,
738 1353 884 1429 Vienna,
914 1354 979 1416 Ne·

229 1478 377 1533 mausus,
400 1456 432 1516 in
453 1477 588 1539 quarum
611 1468 782 1537 praeterea
799 1453 904 1514 numis
922 1453 978 1514 oh·

226 1559 317 1624 aium
342 1577 415 1620 esse
442 1559 529 1620 solet
554 1557 722 1638 utriusque
749 1555 896 1617 Caesaris
927 1576 978 1618 ca·

227 1673 298 1742 put.
339 1661 518 1722 Praeterea
548 1659 582 1718 in
613 1677 713 1718 numo
745 1655 843 1717 simili
872 1656 978 1718 musei

227 1761 381 1824 Caesarei
407 1760 541 1835 literae,
565 1757 723 1822 vocabula
747 1756 894 1825 Divos,
918 1758 979 1824 IV·

226 1862 331 1929 LlVS
354 1862 608 1936 constituentes,
630 1858 713 1921 adeo
736 1872 810 1920 sunt
832 1859 918 1920 inter
940 1878 975 1920 se

226 1964 401 2039 confusae,
431 1977 466 2024 ut
494 1961 655 2025 credibile
684 1982 751 2023 non
780 1961 838 2037 sit,
869 1960 978 2022 matri·

228 2084 302 2126 cem
330 2076 378 2125 tot
403 2064 589 2146 sphalmatis
614 2075 792 2124 scatentem
823 2061 856 2121 in
886 2060 977 2123 urbis

227 2166 304 2247 luce
323 2165 511 2228 curantibus
528 2165 651 2228 lllriris
669 2162 884 2257 monetalibus
897 2182 977 2225 con·

225 2266 359 2329 foetam.
400 2266 555 2342 Accedit,
589 2266 650 2328 hos
681 2286 797 2327 numos
828 2264 976 2346 pondere

226 2380 262 2431 et
285 2366 451 2431 volumine
476 2366 619 2430 delicere
642 2390 660 2429 a
682 2367 788 2429 numia
809 2367 977 2430 commatis

224 2469 367 2531 llomani
406 2468 529 2553 primae
563 2468 710 2546 formae,
748 2482 785 2531 et
819 2489 975 2552 superare

226 2590 344 2634 numos
372 2573 414 2632 ll.
444 2572 589 2648 formae,
618 2571 665 2632 sic
694 2584 730 2632 ut
759 2590 833 2632 eum
860 2585 977 2634 neutra

225 2673 298 2755 ejus
335 2671 449 2734 aetatis
485 2673 589 2734 classe
627 2671 733 2754 probe
770 2672 976 2738 conveniant.

225 2773 352 2838 Eadem
374 2774 445 2851 lex,
472 2793 554 2859 quae
576 2773 636 2835 sub
657 2776 805 2858 Augusto
827 2774 975 2851 obtinuit,

221 2875 325 2939 valuit
342 2876 440 2938 etiam
463 2876 521 2938 suh
550 2876 703 2953 liberio,
730 2875 821 2957 cujus
846 2895 975 2959 quoque

225 2978 333 3039 numia
353 2978 476 3060 primae
493 2979 621 3040 formae
644 2992 741 3060 caput
763 2979 889 3039 illatum
909 2997 976 3039 nou

224 3092 295 3155 est,
313 3079 374 3141 etsi
392 3078 474 3140 illud
491 3081 524 3139 in
541 3081 646 3141 narnis
661 3083 701 3140 11.
716 3079 843 3141 formae
859 3098 976 3162 perpe·

223 3192 316 3241 tuum
335 3179 392 3255 sit,
412 3178 549 3263 perinde
566 3200 603 3242 ao
621 3180 655 3240 in
676 3181 782 3242 numia
798 3182 843 3245 M.
856 3181 974 3264 Agrip·

223 3301 296 3365 pne.
344 3281 396 3342 De
432 3293 563 3343 moneta
593 3284 619 3344 1.
645 3281 792 3343 Caesaris
821 3281 878 3345 bic
907 3302 975 3344 non

224 3403 308 3467 ago,
343 3383 434 3466 cujus
463 3383 585 3468 alioqui
611 3382 677 3447 vivi
705 3404 822 3446 numos
852 3405 974 3448 aeneos

222 3485 394 3549 commatis
416 3487 457 3550 R.
479 3485 534 3552 vix
557 3485 731 3564 habemus,
756 3499 793 3549 ut
815 3506 873 3550 suo
897 3487 973 3549 loco

225 3588 421 3652 monuimus.

285 3691 337 3751 Ex
363 3690 413 3752 his
440 3690 598 3774 exemplis
622 3690 698 3754 satis
724 3705 875 3776 apparot,
908 3692 974 3754 Au·

222 3805 319 3877 gusto
355 3805 399 3854 etv
422 3792 557 3854 Tiberio
596 3793 829 3877 imperantibus
864 3813 972 3877 neque

222 3896 360 3969 horum,
390 3913 498 3976 neque
530 3894 687 3972 aliorum,
718 3896 833 3981 quibus
859 3916 973 3958 mone·

222 4012 275 4059 tae
296 3996 346 4079 jus
367 3995 562 4080 permissum
580 3996 657 4074 fnit,
673 3998 783 4080 capita
800 3997 834 4059 in
851 4017 928 4062 aero
942 3999 970 4059 1.

221 4096 349 4162 formas
370 4098 491 4181 signari
509 4099 601 4162 solita
617 4098 733 4176 fuisse,
757 4099 841 4163 addo
860 4100 969 4177 etiam,

847 432 1171 550 aversare.

1036 640 1158 719 nioris,
1182 653 1217 703 et
1237 639 1427 706 &manici
1449 641 1557 727 capita
1582 653 1659 706 sant
1678 640 1776 709 obvia

1035 746 1104 807 Has
1126 758 1265 827 propter
1286 765 1398 808 causas
1415 744 1602 830 amplianda
1622 757 1673 807 est
1692 745 1777 809 laxs

1035 845 1168 909 loberto
1187 846 1266 907 lata:
1289 851 1422 925 spurios
1441 868 1513 909 esse
1532 868 1653 910 numos
1674 866 1778 911 omma

1034 947 1061 1010 L
1073 953 1226 1031 fortnas,
1254 950 1313 1025 oui
1333 961 1432 1029 caput
1450 950 1565 1011 solum
1581 949 1610 1009 Ῑ.
1632 950 1780 1011 Cassan}

1035 1050 1161 1109 sistunt
1181 1048 1221 1130 ¹).
1252 1048 1449 1112 Adcuratiua
1463 1048 1556 1113 baec
1579 1048 1629 1113 sio
1649 1044 1779 1115 serentis

1034 1148 1182 1215 ridetur:
1212 1149 1318 1215 Numi
1344 1172 1458 1214 omnes
1483 1153 1582 1214 aenei
1603 1151 1634 1213 Ι.
1649 1152 1778 1233 formae

1035 1252 1064 1312 I.
1087 1253 1255 1330 Caesaris,
1282 1253 1453 1334 Augusti,
1485 1253 1632 1337 Tiberii,
1658 1262 1718 1313 aut
1738 1268 1778 1315 ca

1035 1354 1151 1414 horum
1159 1354 1304 1437 familia
1319 1353 1374 1416 lats
1387 1355 1633 1436 imperantibus
1646 1355 1778 1437 signati,

1035 1458 1094 1536 qui
1110 1454 1230 1515 borum
1247 1457 1377 1538 capita,
1397 1474 1437 1514 ac
1450 1466 1630 1536 praetcrea
1645 1474 1779 1517 comma·

1036 1561 1082 1619 tr's
1099 1556 1246 1617 Romani
1263 1557 1392 1618 indicia
1405 1556 1619 1638 pratsferunt,
1638 1557 1676 1619 io
1691 1555 1778 1619 udal

1034 1659 1216 1718 turinorum
1241 1677 1376 1718 numero
1404 1670 1588 1720 recreator.
1623 1658 1676 1721 Ex
1703 1674 1777 1742 quo·
1805 1721 1811 1731 ,

1032 1776 1107 1819 rum
1132 1771 1241 1821 tamen
1265 1776 1421 1837 numero,
1438 1770 1484 1821 -nt
1506 1756 1593 1835 dixi,
1618 1756 1777 1823 eximendi

1035 1858 1130 1921 aenei
1149 1862 1172 1920 1.
1195 1848 1322 1923 iormac
1343 1859 1538 1925 Illvirorum
1552 1859 1672 1939 Lorii,
1694 1860 1776 1923 stas·

1035 1961 1116 2039 cilii,
1134 1961 1251 2039 Salvii,
1270 1963 1305 2022 in
1321 1961 1437 2045 quibas
1453 1959 1590 2027 obvium
1602 1974 1659 2026 est
1674 1962 1777 2045 Augu·

1034 2063 1075 2125 sti
1096 2077 1209 2148 capnt,
1237 2063 1297 2126 sed
1315 2062 1488 2126 arietaria
1509 2077 1719 2141 coronatum,
1741 2078 1774 2126 sc

1033 2178 1207 2248 praeterea
1224 2165 1307 2228 illud
1324 2165 1507 2249 singulare,
1534 2164 1626 2249 quod
1648 2164 1773 2241 salerius.

1034 2288 1071 2328 ac
1099 2258 1266 2331 volumine
1288 2287 1490 2353 magnopere
1512 2267 1554 2330 ab
1578 2267 1653 2331 aliis
1674 2267 1775 2351 saga·

1036 2368 1078 2430 sti
1095 2369 1206 2431 aeneia
1223 2371 1249 2433 l.
1268 2368 1395 2432 formae
1412 2368 1583 2436 abludunt.
1607 2366 1718 2463 Quare
1734 2366 1775 2431 si·

1035 2469 1156 2533 dentur
1172 2471 1208 2532 hi
1226 2469 1374 2556 ejusdem
1389 2470 1468 2534 anni
1480 2470 1587 2534 inisse
1603 2468 1726 2547 turbt,
1743 2478 1774 2533 sl

1034 2571 1136 2635 fuerit
1160 2572 1267 2658 aliqua
1291 2593 1388 2638 causa
1410 2571 1506 2636 nobis
1527 2573 1660 2657 ignum
1674 2589 1772 2637 -cars

1035 2674 1129 2737 solita
1150 2675 1227 2757 lege
1247 2667 1459 2739 disees'serint
1476 2672 1697 2759 proponendo
1712 2672 1768 2735 An·

1034 2779 1121 2860 gusti
1146 2788 1241 2861 caput
1267 2777 1302 2837 in
1325 2796 1443 2859 magna
1465 2794 1564 2854 aere,
1594 2795 1636 2839 ac
1658 2792 1769 2859 passu

1033 2899 1097 2962 pue
1132 2898 1206 2941 cum
1233 2876 1380 2945 Victoria
1410 2890 1501 2940 retro
1533 2890 1660 2956 stante,
1695 2892 1768 2961 quse

1032 2980 1200 3064 peristasis
1218 2979 1251 3041 in
1270 2979 1341 3041 aliis
1355 2977 1496 3063 Augusti
1513 2978 1624 3042 narnis
1640 2998 1704 3043 non
1717 2974 1770 3041 olr-

1033 3070 1197 3147 servatur,
1234 3080 1327 3149 Varii
1361 3078 1456 3162 hujus
1493 3077 1637 3167 instituti
1670 3096 1770 3169 ussus

1033 3184 1192 3248 curiosius
1218 3181 1331 3245 rimari
1355 3179 1485 3259 taedet,
1509 3194 1546 3245 et
1566 3180 1650 3245 nolo
1668 3179 1770 3245 man

1032 3287 1236 3368 conjecturas
1264 3296 1400 3360 texere,
1429 3295 1608 3349 contentus
1634 3304 1696 3371 per
1720 3280 1771 3347 sb·

1032 3387 1232 3451 servationes
1255 3384 1441 3450 adcuratius
1469 3384 1634 3477 institutas
1660 3400 1771 3470 propo·

1031 3489 1155 3566 ruisse,
1180 3487 1263 3574 qnid
1284 3486 1439 3551 Romanis
1456 3505 1499 3551 aa
1521 3499 1631 3553 aetate
1653 3490 1689 3551 iu
1710 3508 1773 3553 ras·

1030 3606 1127 3656 setae
1145 3589 1314 3654 cudendae
1330 3589 1465 3673 negotio
1479 3580 1695 3655 constitutum¹
1706 3590 1770 3673 lus·

1030 3693 1084 3756 rit.
1109 3690 1175 3788 Qui
1193 3693 1227 3754 iu
1248 3712 1365 3755 numos
1384 3688 1594 3757 offenderint
1612 3694 1770 3759 <leoninas

1030 3819 1048 3860 a
1075 3817 1128 3858 me
1156 3793 1344 3881 propositae
1372 3792 1610 3885 adversantes,
1635 3794 1771 3861 viderint

1030 3918 1171 3982 praese,
1193 3918 1234 3960 an
1249 3917 1317 3960 non
1333 3897 1543 3974 aut-wirrae,
1564 3910 1627 3961 aut
1639 3916 1772 3963 comm

1028 4000 1069 4063 tis
1095 3999 1264 4084 peregrini
1284 4012 1396 4073 notam
1414 3999 1617 4085 praeferant.
1647 3999 1770 4065 Prima

1027 4102 1174 4185 Caligula
1194 4123 1305 4180 snum,
1333 4123 1371 4167 ac
1383 4101 1532 4167 ¹aliorum
1553 4104 1654 4167 etiam
1673 4102 1771 4189 capita

220 4201 265 4267 de
295 4222 360 4286 qno
390 4201 493 4278 inira,
532 4202 587 4266 ΙΙΙ.
617 4199 773 4278 formae,
801 4201 835 4262 in
870 4222 969 4286 quem
1025 4206 1153 4269 insere
1169 4204 1562 4292 magnoexstsrevoluit,
1578 4206 1771 4273 utsuoloso

223 4326 317 4368 nsum
340 4304 445 4367 solum
470 4306 509 4370 Π.
537 4304 661 4367 formae
688 4324 762 4380 aes,
789 4324 968 4390 aurumque

218 4420 410 4493 praeterea,
439 4419 473 4468 et
498 4419 669 4490 argentum
696 4406 814 4483 valuit,
839 4406 872 4468 in
899 4427 963 4492 quo

220 4509 379 4593 Augusti,
409 4510 594 4595 Agrippae,
628 4508 769 4588 Tiberii,
799 4510 900 4574 Drusi
922 4512 971 4594 ju·

1026 4311 1159 4395 patebit·
1390 4393 1410 4429 ι

1286 4438 1306 4477 a
1495 4440 1515 4477 a

1091 4514 1204 4583 Aeaei
1233 4512 1280 4577 II.
1302 4513 1449 4597 formae.
1490 4511 1549 4577 Hi·
1579 4474 1771 4599 plerumque

233 4648 1766 4680 mm

258 4723 289 4789 a)
310 4721 358 4778 Sc.
377 4720 429 4780 des
443 4722 519 4781 me'd.
535 4722 569 4783 Τ.
582 4721 618 4784 11.
635 4740 664 4801 1>-
676 4731 719 4785 tt.
