<?xml version="1.0" encoding="UTF-8"?>
<!DOCTYPE html PUBLIC "-//W3C//DTD XHTML 1.0 Transitional//EN"
    "http://www.w3.org/TR/xhtml1/DTD/xhtml1-transitional.dtd">
<html xmlns="http://www.w3.org/1999/xhtml" xml:lang="en" lang="en">
 <head>
  <title>
</title>
<meta http-equiv="Content-Type" content="text/html;charset=utf-8" />
  <meta name='ocr-system' content='tesseract 3.04.00' />
  <meta name='ocr-capabilities' content='ocr_page ocr_carea ocr_par ocr_line ocrx_word'/>
</head>
<body>
  <div class='ocr_page' id='page_1' title='image "./doctrinanumorum00steigoog_0185.png"; bbox 0 0 4012 5370; ppageno 0'>
   <div class='ocr_carea' id='block_1_1' title="bbox 227 426 1089 572">
    <p class='ocr_par' dir='ltr' id='par_1_1' title="bbox 227 426 1089 572">
     <span class='ocr_line' id='line_1_1' title="bbox 227 426 1089 572; baseline 0.006 -26"><span class='ocrx_word' id='word_1_1' title='bbox 227 495 295 572; x_wconf 67' lang='lat'>„0</span> <span class='ocrx_word' id='word_1_2' title='bbox 716 426 719 431; x_wconf 33' lang='lat'>⁵</span> <span class='ocrx_word' id='word_1_3' title='bbox 841 472 853 488; x_wconf 80' lang='grc'><em>·</em></span> <span class='ocrx_word' id='word_1_4' title='bbox 910 482 1089 554; x_wconf 79' lang='lat' dir='ltr'>urvis.</span> 
     </span>
    </p>
   </div>
   <div class='ocr_carea' id='block_1_2' title="bbox 112 630 1808 4300">
    <p class='ocr_par' dir='ltr' id='par_1_2' title="bbox 112 630 1808 4300">
     <span class='ocr_line' id='line_1_2' title="bbox 221 630 1768 737; baseline -0.001 -19"><span class='ocrx_word' id='word_1_5' title='bbox 221 659 384 726; x_wconf 81' lang='lat' dir='ltr'>Videntur</span> <span class='ocrx_word' id='word_1_6' title='bbox 408 672 467 719; x_wconf 84' lang='lat' dir='ltr'>eso</span> <span class='ocrx_word' id='word_1_7' title='bbox 495 652 634 737; x_wconf 77' lang='lat' dir='ltr'>aliquem</span> <span class='ocrx_word' id='word_1_8' title='bbox 660 648 800 713; x_wconf 77' lang='lat' dir='ltr'>suminis</span> <span class='ocrx_word' id='word_1_9' title='bbox 821 649 968 733; x_wconf 82' lang='lat' dir='ltr'>speciem</span> <span class='ocrx_word' id='word_1_10' title='bbox 1021 644 1166 735; x_wconf 82' lang='lat' dir='ltr'>propter</span> <span class='ocrx_word' id='word_1_11' title='bbox 1190 659 1360 711; x_wconf 77' lang='lat' dir='ltr'>recentem</span> <span class='ocrx_word' id='word_1_12' title='bbox 1375 630 1548 733; x_wconf 69' lang='lat' dir='ltr'>inipetu-ati</span> <span class='ocrx_word' id='word_1_13' title='bbox 1564 646 1698 735; x_wconf 85' lang='lat' dir='ltr'>imperii</span> <span class='ocrx_word' id='word_1_14' title='bbox 1710 670 1768 716; x_wconf 85' lang='lat' dir='ltr'>me·</span> 
     </span>
     <span class='ocr_line' id='line_1_3' title="bbox 162 748 1769 845; baseline -0.001 -24"><span class='ocrx_word' id='word_1_15' title='bbox 162 772 166 779; x_wconf 83' lang='lat'><em>·</em></span> <span class='ocrx_word' id='word_1_16' title='bbox 221 781 300 845; x_wconf 84' lang='lat' dir='ltr'>prae</span> <span class='ocrx_word' id='word_1_17' title='bbox 331 778 367 821; x_wconf 89' lang='lat' dir='ltr'>se</span> <span class='ocrx_word' id='word_1_18' title='bbox 387 754 534 830; x_wconf 63' lang='lat' dir='ltr'>tulisse,</span> <span class='ocrx_word' id='word_1_19' title='bbox 565 765 602 815; x_wconf 88' lang='lat' dir='ltr'>ut</span> <span class='ocrx_word' id='word_1_20' title='bbox 630 772 729 836; x_wconf 88' lang='lat' dir='ltr'>supra</span> <span class='ocrx_word' id='word_1_21' title='bbox 750 751 864 814; x_wconf 88' lang='lat' dir='ltr'>Iuliam</span> <span class='ocrx_word' id='word_1_22' title='bbox 885 752 967 817; x_wconf 89' lang='lat' dir='ltr'>deas</span> <span class='ocrx_word' id='word_1_23' title='bbox 1026 752 1163 815; x_wconf 87' lang='lat' dir='ltr'>moriam</span> <span class='ocrx_word' id='word_1_24' title='bbox 1186 750 1260 835; x_wconf 87' lang='lat' dir='ltr'>plus</span> <span class='ocrx_word' id='word_1_25' title='bbox 1284 748 1389 814; x_wconf 86' lang='lat' dir='ltr'>adhuc</span> <span class='ocrx_word' id='word_1_26' title='bbox 1409 762 1553 814; x_wconf 86' lang='lat' dir='ltr'>matrem</span> <span class='ocrx_word' id='word_1_27' title='bbox 1587 750 1769 820; x_wconf 77' lang='lat' dir='ltr'>ohservare·</span> 
     </span>
     <span class='ocr_line' id='line_1_4' title="bbox 220 851 1769 948; baseline -0.002 -24"><span class='ocrx_word' id='word_1_28' title='bbox 220 862 355 927; x_wconf 79' lang='lat' dir='ltr'>Pietatis</span> <span class='ocrx_word' id='word_1_29' title='bbox 379 856 490 943; x_wconf 83' lang='lat' dir='ltr'>speeie</span> <span class='ocrx_word' id='word_1_30' title='bbox 513 854 713 940; x_wconf 79' lang='lat' dir='ltr'>propositam</span> <span class='ocrx_word' id='word_1_31' title='bbox 736 852 894 932; x_wconf 78' lang='lat' dir='ltr'>vidimus,</span> <span class='ocrx_word' id='word_1_32' title='bbox 922 867 968 918; x_wconf 89' lang='lat' dir='ltr'>at·</span> <span class='ocrx_word' id='word_1_33' title='bbox 1025 866 1086 918; x_wconf 87' lang='lat' dir='ltr'>rat.</span> <span class='ocrx_word' id='word_1_34' title='bbox 1120 851 1193 948; x_wconf 75' lang='lat' dir='ltr'>Qus</span> <span class='ocrx_word' id='word_1_35' title='bbox 1216 853 1250 914; x_wconf 91' lang='lat' dir='ltr'>in</span> <span class='ocrx_word' id='word_1_36' title='bbox 1271 871 1310 916; x_wconf 91' lang='lat' dir='ltr'>ra</span> <span class='ocrx_word' id='word_1_37' title='bbox 1337 854 1623 940; x_wconf 86' lang='lat' dir='ltr'>operaepretium</span> <span class='ocrx_word' id='word_1_38' title='bbox 1642 854 1769 921; x_wconf 80' lang='lat' dir='ltr'>animad-</span> 
     </span>
     <span class='ocr_line' id='line_1_5' title="bbox 221 954 1769 1049; baseline -0.002 -23"><span class='ocrx_word' id='word_1_39' title='bbox 221 986 285 1049; x_wconf 89' lang='lat' dir='ltr'>que</span> <span class='ocrx_word' id='word_1_40' title='bbox 308 958 532 1029; x_wconf 82' lang='lat' dir='ltr'>verisimiliter</span> <span class='ocrx_word' id='word_1_41' title='bbox 552 957 691 1037; x_wconf 89' lang='lat' dir='ltr'>Vestae,</span> <span class='ocrx_word' id='word_1_42' title='bbox 720 956 874 1044; x_wconf 79' lang='lat' dir='ltr'>quoniam</span> <span class='ocrx_word' id='word_1_43' title='bbox 895 958 966 1042; x_wconf 90' lang='lat' dir='ltr'>ejus</span> <span class='ocrx_word' id='word_1_44' title='bbox 1027 969 1177 1031; x_wconf 74' lang='lat' dir='ltr'>vertere,</span> <span class='ocrx_word' id='word_1_45' title='bbox 1218 954 1302 1019; x_wconf 90' lang='lat' dir='ltr'>hanc</span> <span class='ocrx_word' id='word_1_46' title='bbox 1332 956 1441 1020; x_wconf 82' lang='lat' dir='ltr'>Iuliae</span> <span class='ocrx_word' id='word_1_47' title='bbox 1477 954 1628 1045; x_wconf 80' lang='lat' dir='ltr'>effigiem</span> <span class='ocrx_word' id='word_1_48' title='bbox 1660 959 1769 1024; x_wconf 82' lang='lat' dir='ltr'>Vestae</span> 
     </span>
     <span class='ocr_line' id='line_1_6' title="bbox 219 1055 1769 1143; baseline -0.004 -14"><span class='ocrx_word' id='word_1_49' title='bbox 219 1064 364 1129; x_wconf 83' lang='lat' dir='ltr'>sedentis</span> <span class='ocrx_word' id='word_1_50' title='bbox 386 1061 498 1124; x_wconf 88' lang='lat' dir='ltr'>habitu</span> <span class='ocrx_word' id='word_1_51' title='bbox 520 1060 634 1138; x_wconf 86' lang='lat' dir='ltr'>toties,</span> <span class='ocrx_word' id='word_1_52' title='bbox 664 1078 703 1125; x_wconf 88' lang='lat' dir='ltr'>ao</span> <span class='ocrx_word' id='word_1_53' title='bbox 729 1073 795 1124; x_wconf 88' lang='lat' dir='ltr'>tam</span> <span class='ocrx_word' id='word_1_54' title='bbox 822 1059 963 1125; x_wconf 87' lang='lat' dir='ltr'>dirersis</span> <span class='ocrx_word' id='word_1_55' title='bbox 1024 1060 1090 1123; x_wconf 85' lang='lat' dir='ltr'>ritu</span> <span class='ocrx_word' id='word_1_56' title='bbox 1115 1056 1262 1123; x_wconf 87' lang='lat' dir='ltr'>sedentis</span> <span class='ocrx_word' id='word_1_57' title='bbox 1287 1056 1431 1142; x_wconf 91' lang='lat' dir='ltr'>primum</span> <span class='ocrx_word' id='word_1_58' title='bbox 1451 1056 1597 1143; x_wconf 83' lang='lat' dir='ltr'>reperiri</span> <span class='ocrx_word' id='word_1_59' title='bbox 1617 1055 1655 1121; x_wconf 88' lang='lat' dir='ltr'>in</span> <span class='ocrx_word' id='word_1_60' title='bbox 1674 1058 1769 1123; x_wconf 71' lang='lat' dir='ltr'>numi</span> 
     </span>
     <span class='ocr_line' id='line_1_7' title="bbox 220 1160 1767 1248; baseline -0.005 -18"><span class='ocrx_word' id='word_1_61' title='bbox 220 1168 259 1231; x_wconf 90' lang='lat' dir='ltr'>ab</span> <span class='ocrx_word' id='word_1_62' title='bbox 276 1166 410 1229; x_wconf 77' lang='lat' dir='ltr'>urbibus</span> <span class='ocrx_word' id='word_1_63' title='bbox 427 1182 614 1248; x_wconf 87' lang='lat' dir='ltr'>expressam</span> <span class='ocrx_word' id='word_1_64' title='bbox 630 1162 799 1228; x_wconf 85' lang='lat' dir='ltr'>babemus.</span> <span class='ocrx_word' id='word_1_65' title='bbox 829 1165 963 1227; x_wconf 79' lang='lat' dir='ltr'>Etcum</span> <span class='ocrx_word' id='word_1_66' title='bbox 1025 1160 1154 1224; x_wconf 80' lang='lat' dir='ltr'>Tiberii</span> <span class='ocrx_word' id='word_1_67' title='bbox 1178 1179 1251 1223; x_wconf 89' lang='lat' dir='ltr'>cnm</span> <span class='ocrx_word' id='word_1_68' title='bbox 1281 1161 1352 1244; x_wconf 86' lang='lat' dir='ltr'>ejus</span> <span class='ocrx_word' id='word_1_69' title='bbox 1372 1160 1449 1225; x_wconf 85' lang='lat' dir='ltr'>trib.</span> <span class='ocrx_word' id='word_1_70' title='bbox 1468 1172 1635 1245; x_wconf 73' lang='lat' dir='ltr'>potestate</span> <span class='ocrx_word' id='word_1_71' title='bbox 1660 1160 1767 1241; x_wconf 76' lang='lat' dir='ltr'><strong>XVII,</strong></span> 
     </span>
     <span class='ocr_line' id='line_1_8' title="bbox 221 1256 1774 1352; baseline -0.005 -17"><span class='ocrx_word' id='word_1_72' title='bbox 221 1271 320 1335; x_wconf 80' lang='lat' dir='ltr'>Vesta</span> <span class='ocrx_word' id='word_1_73' title='bbox 333 1266 465 1352; x_wconf 89' lang='lat' dir='ltr'>quidem</span> <span class='ocrx_word' id='word_1_74' title='bbox 482 1262 583 1327; x_wconf 87' lang='lat' dir='ltr'>Iuliae</span> <span class='ocrx_word' id='word_1_75' title='bbox 600 1263 723 1350; x_wconf 86' lang='lat' dir='ltr'>aliquid</span> <span class='ocrx_word' id='word_1_76' title='bbox 739 1265 964 1330; x_wconf 71' lang='lat' dir='ltr'>intercessisse</span> <span class='ocrx_word' id='word_1_77' title='bbox 1024 1284 1121 1348; x_wconf 84' lang='lat' dir='ltr'>quam</span> <span class='ocrx_word' id='word_1_78' title='bbox 1153 1262 1213 1326; x_wconf 90' lang='lat' dir='ltr'>ille</span> <span class='ocrx_word' id='word_1_79' title='bbox 1238 1261 1404 1327; x_wconf 79' lang='lat' dir='ltr'>inchoavit</span> <span class='ocrx_word' id='word_1_80' title='bbox 1429 1264 1470 1329; x_wconf 88' lang='lat' dir='ltr'>V.</span> <span class='ocrx_word' id='word_1_81' title='bbox 1492 1264 1531 1329; x_wconf 86' lang='lat' dir='ltr'>C.</span> <span class='ocrx_word' id='word_1_82' title='bbox 1554 1263 1636 1345; x_wconf 71' lang='lat'>708,</span> <span class='ocrx_word' id='word_1_83' title='bbox 1662 1256 1774 1349; x_wconf 77' lang='lat' dir='ltr'>nempt&#39;</span> 
     </span>
     <span class='ocr_line' id='line_1_9' title="bbox 220 1365 1768 1450; baseline -0.001 -17"><span class='ocrx_word' id='word_1_84' title='bbox 220 1368 474 1444; x_wconf 85' lang='lat' dir='ltr'>communionis,</span> <span class='ocrx_word' id='word_1_85' title='bbox 502 1365 617 1429; x_wconf 81' lang='lat' dir='ltr'>citatus</span> <span class='ocrx_word' id='word_1_86' title='bbox 640 1388 738 1450; x_wconf 86' lang='lat' dir='ltr'>supra</span> <span class='ocrx_word' id='word_1_87' title='bbox 761 1387 879 1429; x_wconf 89' lang='lat' dir='ltr'>numus</span> <span class='ocrx_word' id='word_1_88' title='bbox 899 1388 967 1429; x_wconf 90' lang='lat' dir='ltr'>non</span> <span class='ocrx_word' id='word_1_89' title='bbox 1024 1385 1110 1430; x_wconf 89' lang='lat' dir='ltr'>anuo</span> <span class='ocrx_word' id='word_1_90' title='bbox 1125 1365 1265 1448; x_wconf 80' lang='lat' dir='ltr'>Augusti</span> <span class='ocrx_word' id='word_1_91' title='bbox 1284 1377 1425 1428; x_wconf 87' lang='lat' dir='ltr'>mortem</span> <span class='ocrx_word' id='word_1_92' title='bbox 1451 1378 1698 1450; x_wconf 81' lang='lat' dir='ltr'>consequente.</span> <span class='ocrx_word' id='word_1_93' title='bbox 1717 1368 1768 1431; x_wconf 71' lang='lat' dir='ltr'>tn</span> 
     </span>
     <span class='ocr_line' id='line_1_10' title="bbox 221 1466 1766 1567; baseline -0.001 -32"><span class='ocrx_word' id='word_1_94' title='bbox 221 1474 360 1535; x_wconf 86' lang='lat' dir='ltr'>obscure</span> <span class='ocrx_word' id='word_1_95' title='bbox 391 1467 529 1545; x_wconf 88' lang='lat' dir='ltr'>iudicat,</span> <span class='ocrx_word' id='word_1_96' title='bbox 560 1466 705 1549; x_wconf 87' lang='lat' dir='ltr'>incujas</span> <span class='ocrx_word' id='word_1_97' title='bbox 729 1468 836 1532; x_wconf 87' lang='lat' dir='ltr'>antica</span> <span class='ocrx_word' id='word_1_98' title='bbox 853 1469 967 1567; x_wconf 62' lang='lat' dir='ltr'>reg-isi·</span> <span class='ocrx_word' id='word_1_99' title='bbox 1026 1487 1069 1552; x_wconf 92' lang='lat' dir='ltr'>go</span> <span class='ocrx_word' id='word_1_100' title='bbox 1096 1487 1136 1531; x_wconf 90' lang='lat' dir='ltr'>ea</span> <span class='ocrx_word' id='word_1_101' title='bbox 1162 1479 1266 1529; x_wconf 90' lang='lat' dir='ltr'>statua</span> <span class='ocrx_word' id='word_1_102' title='bbox 1293 1466 1404 1551; x_wconf 79' lang='lat' dir='ltr'>paullo</span> <span class='ocrx_word' id='word_1_103' title='bbox 1432 1480 1509 1549; x_wconf 85' lang='lat' dir='ltr'>post</span> <span class='ocrx_word' id='word_1_104' title='bbox 1529 1466 1674 1551; x_wconf 83' lang='lat' dir='ltr'>Augusti</span> <span class='ocrx_word' id='word_1_105' title='bbox 1693 1472 1766 1533; x_wconf 74' lang='lat' dir='ltr'>mor·</span> 
     </span>
     <span class='ocr_line' id='line_1_11' title="bbox 220 1567 1768 1655; baseline 0.001 -20"><span class='ocrx_word' id='word_1_106' title='bbox 220 1575 298 1635; x_wconf 88' lang='lat' dir='ltr'>mile</span> <span class='ocrx_word' id='word_1_107' title='bbox 325 1569 393 1633; x_wconf 84' lang='lat' dir='ltr'>dixi</span> <span class='ocrx_word' id='word_1_108' title='bbox 419 1591 492 1635; x_wconf 90' lang='lat' dir='ltr'>esse</span> <span class='ocrx_word' id='word_1_109' title='bbox 518 1568 721 1655; x_wconf 84' lang='lat' dir='ltr'>propositum</span> <span class='ocrx_word' id='word_1_110' title='bbox 746 1583 843 1653; x_wconf 82' lang='lat' dir='ltr'>ceput</span> <span class='ocrx_word' id='word_1_111' title='bbox 865 1570 966 1635; x_wconf 89' lang='lat' dir='ltr'>Iuliae</span> <span class='ocrx_word' id='word_1_112' title='bbox 1025 1582 1093 1633; x_wconf 87' lang='lat' dir='ltr'>tem</span> <span class='ocrx_word' id='word_1_113' title='bbox 1122 1567 1163 1633; x_wconf 90' lang='lat' dir='ltr'>ab</span> <span class='ocrx_word' id='word_1_114' title='bbox 1195 1567 1349 1633; x_wconf 77' lang='lat' dir='ltr'>adulante</span> <span class='ocrx_word' id='word_1_115' title='bbox 1377 1583 1493 1632; x_wconf 89' lang='lat' dir='ltr'>senatu</span> <span class='ocrx_word' id='word_1_116' title='bbox 1525 1567 1631 1633; x_wconf 79' lang='lat' dir='ltr'>luerit</span> <span class='ocrx_word' id='word_1_117' title='bbox 1658 1569 1768 1655; x_wconf 83' lang='lat' dir='ltr'>posita,</span> 
     </span>
     <span class='ocr_line' id='line_1_12' title="bbox 143 1670 1768 1755; baseline -0.004 -17"><span class='ocrx_word' id='word_1_118' title='bbox 143 1670 145 1675; x_wconf 68' lang='grc'>’</span> <span class='ocrx_word' id='word_1_119' title='bbox 220 1676 280 1738; x_wconf 88' lang='lat' dir='ltr'>sab</span> <span class='ocrx_word' id='word_1_120' title='bbox 295 1672 430 1736; x_wconf 85' lang='lat' dir='ltr'>Pietatis</span> <span class='ocrx_word' id='word_1_121' title='bbox 453 1671 581 1747; x_wconf 86' lang='lat' dir='ltr'>habitu,</span> <span class='ocrx_word' id='word_1_122' title='bbox 604 1684 639 1734; x_wconf 91' lang='lat' dir='ltr'>et</span> <span class='ocrx_word' id='word_1_123' title='bbox 656 1671 690 1732; x_wconf 92' lang='lat' dir='ltr'>in</span> <span class='ocrx_word' id='word_1_124' title='bbox 707 1691 820 1735; x_wconf 83' lang='lat' dir='ltr'>aversa</span> <span class='ocrx_word' id='word_1_125' title='bbox 836 1685 886 1735; x_wconf 89' lang='lat' dir='ltr'>ast</span> <span class='ocrx_word' id='word_1_126' title='bbox 903 1674 969 1741; x_wconf 86' lang='lat' dir='ltr'>Ve-</span> <span class='ocrx_word' id='word_1_127' title='bbox 1026 1671 1114 1735; x_wconf 83' lang='lat' dir='ltr'>eteb</span> <span class='ocrx_word' id='word_1_128' title='bbox 1132 1689 1172 1734; x_wconf 90' lang='lat' dir='ltr'>ea</span> <span class='ocrx_word' id='word_1_129' title='bbox 1190 1670 1379 1754; x_wconf 86' lang='lat' dir='ltr'>exemplum</span> <span class='ocrx_word' id='word_1_130' title='bbox 1399 1670 1434 1731; x_wconf 92' lang='lat' dir='ltr'>in</span> <span class='ocrx_word' id='word_1_131' title='bbox 1455 1671 1643 1755; x_wconf 82' lang='lat' dir='ltr'>provincias</span> <span class='ocrx_word' id='word_1_132' title='bbox 1660 1670 1768 1737; x_wconf 78' lang='lat' dir='ltr'>datum.</span> 
     </span>
     <span class='ocr_line' id='line_1_13' title="bbox 219 1771 1768 1867; baseline -0.002 -29"><span class='ocrx_word' id='word_1_133' title='bbox 219 1790 267 1838; x_wconf 84' lang='lat' dir='ltr'>sta</span> <span class='ocrx_word' id='word_1_134' title='bbox 297 1773 428 1838; x_wconf 86' lang='lat' dir='ltr'>sedens.</span> <span class='ocrx_word' id='word_1_135' title='bbox 465 1775 551 1838; x_wconf 87' lang='lat' dir='ltr'>Sane</span> <span class='ocrx_word' id='word_1_136' title='bbox 571 1788 606 1838; x_wconf 90' lang='lat' dir='ltr'>et</span> <span class='ocrx_word' id='word_1_137' title='bbox 623 1772 745 1841; x_wconf 83' lang='lat' dir='ltr'>ovidio</span> <span class='ocrx_word' id='word_1_138' title='bbox 769 1772 887 1838; x_wconf 86' lang='lat' dir='ltr'>dictam</span> <span class='ocrx_word' id='word_1_139' title='bbox 903 1776 969 1841; x_wconf 89' lang='lat' dir='ltr'>Vc·</span> <span class='ocrx_word' id='word_1_140' title='bbox 1026 1773 1115 1867; x_wconf 77' lang='lat' dir='ltr'>Quin</span> <span class='ocrx_word' id='word_1_141' title='bbox 1132 1772 1235 1836; x_wconf 87' lang='lat' dir='ltr'>multo</span> <span class='ocrx_word' id='word_1_142' title='bbox 1253 1772 1358 1837; x_wconf 91' lang='lat' dir='ltr'>adhuc</span> <span class='ocrx_word' id='word_1_143' title='bbox 1374 1772 1499 1850; x_wconf 88' lang='lat' dir='ltr'>serius,</span> <span class='ocrx_word' id='word_1_144' title='bbox 1514 1771 1672 1835; x_wconf 85' lang='lat' dir='ltr'>nimirum</span> <span class='ocrx_word' id='word_1_145' title='bbox 1687 1774 1768 1842; x_wconf 78' lang='lat' dir='ltr'><strong>V.G.</strong></span> 
     </span>
     <span class='ocr_line' id='line_1_14' title="bbox 220 1873 1769 1961; baseline -0.001 -20"><span class='ocrx_word' id='word_1_146' title='bbox 220 1893 301 1941; x_wconf 82' lang='lat' dir='ltr'>stem</span> <span class='ocrx_word' id='word_1_147' title='bbox 317 1875 465 1941; x_wconf 84' lang='lat' dir='ltr'>ridemus</span> <span class='ocrx_word' id='word_1_148' title='bbox 481 1878 528 1958; x_wconf 80' lang='lat'>⁸).</span> <span class='ocrx_word' id='word_1_149' title='bbox 935 1886 941 1894; x_wconf 80' lang='grc'><em>“</em></span> <span class='ocrx_word' id='word_1_150' title='bbox 1029 1876 1093 1959; x_wconf 79' lang='lat'>776</span> <span class='ocrx_word' id='word_1_151' title='bbox 1121 1876 1273 1959; x_wconf 86' lang='lat' dir='ltr'>permisit</span> <span class='ocrx_word' id='word_1_152' title='bbox 1301 1873 1455 1937; x_wconf 86' lang='lat' dir='ltr'>Tiberius</span> <span class='ocrx_word' id='word_1_153' title='bbox 1476 1873 1607 1938; x_wconf 78' lang='lat' dir='ltr'>Asianis</span> <span class='ocrx_word' id='word_1_154' title='bbox 1641 1874 1769 1961; x_wconf 87' lang='lat' dir='ltr'>petenti·</span> 
     </span>
     <span class='ocr_line' id='line_1_15' title="bbox 286 1974 1768 2064; baseline 0.001 -22"><span class='ocrx_word' id='word_1_155' title='bbox 286 1982 367 2043; x_wconf 81' lang='lat' dir='ltr'>Esse</span> <span class='ocrx_word' id='word_1_156' title='bbox 393 1983 591 2061; x_wconf 80' lang='lat' dir='ltr'>pudicorum</span> <span class='ocrx_word' id='word_1_157' title='bbox 613 1990 647 2040; x_wconf 88' lang='lat' dir='ltr'>te</span> <span class='ocrx_word' id='word_1_158' title='bbox 672 1979 826 2054; x_wconf 81' lang='lat' dir='ltr'>Vestam,</span> <span class='ocrx_word' id='word_1_159' title='bbox 848 1979 968 2055; x_wconf 81' lang='lat' dir='ltr'>Livia,</span> <span class='ocrx_word' id='word_1_160' title='bbox 1027 1976 1105 2053; x_wconf 91' lang='lat' dir='ltr'>bus,</span> <span class='ocrx_word' id='word_1_161' title='bbox 1135 1989 1172 2038; x_wconf 91' lang='lat' dir='ltr'>ut</span> <span class='ocrx_word' id='word_1_162' title='bbox 1202 1976 1280 2055; x_wconf 87' lang='lat' dir='ltr'>sibi,</span> <span class='ocrx_word' id='word_1_163' title='bbox 1311 1988 1346 2039; x_wconf 90' lang='lat' dir='ltr'>et</span> <span class='ocrx_word' id='word_1_164' title='bbox 1375 1974 1472 2039; x_wconf 88' lang='lat' dir='ltr'>matri</span> <span class='ocrx_word' id='word_1_165' title='bbox 1499 1976 1663 2061; x_wconf 85' lang='lat' dir='ltr'>templum</span> <span class='ocrx_word' id='word_1_166' title='bbox 1690 1976 1768 2064; x_wconf 80' lang='lat' dir='ltr'>spad</span> 
     </span>
     <span class='ocr_line' id='line_1_16' title="bbox 726 2077 1768 2165; baseline 0.002 -24"><span class='ocrx_word' id='word_1_167' title='bbox 726 2092 882 2141; x_wconf 84' lang='lat' dir='ltr'>matrum.</span> <span class='ocrx_word' id='word_1_168' title='bbox 1017 2079 1198 2160; x_wconf 84' lang='lat' dir='ltr'>Smyrnam</span> <span class='ocrx_word' id='word_1_169' title='bbox 1220 2089 1420 2142; x_wconf 77' lang='lat' dir='ltr'>statueretur</span> <span class='ocrx_word' id='word_1_170' title='bbox 1442 2078 1484 2160; x_wconf 67' lang='grc' dir='ltr'><strong>ο.)</strong></span> <span class='ocrx_word' id='word_1_171' title='bbox 1518 2077 1689 2147; x_wconf 85' lang='lat' dir='ltr'>Videtur</span> <span class='ocrx_word' id='word_1_172' title='bbox 1678 2079 1768 2165; x_wconf 75' lang='lat' dir='ltr'>igitar</span> 
     </span>
     <span class='ocr_line' id='line_1_17' title="bbox 220 2178 1767 2265; baseline 0 -23"><span class='ocrx_word' id='word_1_173' title='bbox 220 2179 323 2255; x_wconf 77' lang='lat' dir='ltr'>Novi,</span> <span class='ocrx_word' id='word_1_174' title='bbox 352 2179 430 2265; x_wconf 88' lang='lat' dir='ltr'>quid</span> <span class='ocrx_word' id='word_1_175' title='bbox 460 2179 580 2262; x_wconf 89' lang='lat' dir='ltr'>opponi</span> <span class='ocrx_word' id='word_1_176' title='bbox 610 2180 723 2261; x_wconf 90' lang='lat' dir='ltr'>possit.</span> <span class='ocrx_word' id='word_1_177' title='bbox 775 2179 966 2247; x_wconf 80' lang='lat' dir='ltr'>Verisimile</span> <span class='ocrx_word' id='word_1_178' title='bbox 1024 2179 1169 2243; x_wconf 81' lang='lat' dir='ltr'>honores</span> <span class='ocrx_word' id='word_1_179' title='bbox 1192 2179 1318 2265; x_wconf 89' lang='lat' dir='ltr'>aliquos</span> <span class='ocrx_word' id='word_1_180' title='bbox 1352 2178 1517 2243; x_wconf 87' lang='lat' dir='ltr'>interdum</span> <span class='ocrx_word' id='word_1_181' title='bbox 1535 2180 1635 2245; x_wconf 89' lang='lat' dir='ltr'>matri</span> <span class='ocrx_word' id='word_1_182' title='bbox 1647 2182 1767 2245; x_wconf 86' lang='lat' dir='ltr'>nonin·</span> 
     </span>
     <span class='ocr_line' id='line_1_18' title="bbox 219 2279 1766 2368; baseline 0.004 -26"><span class='ocrx_word' id='word_1_183' title='bbox 219 2299 340 2363; x_wconf 85' lang='lat' dir='ltr'>nempe</span> <span class='ocrx_word' id='word_1_184' title='bbox 365 2300 432 2342; x_wconf 94' lang='lat' dir='ltr'>non</span> <span class='ocrx_word' id='word_1_185' title='bbox 457 2280 581 2356; x_wconf 85' lang='lat' dir='ltr'>rideri,</span> <span class='ocrx_word' id='word_1_186' title='bbox 608 2279 797 2358; x_wconf 77' lang='lat' dir='ltr'>Tiberium,</span> <span class='ocrx_word' id='word_1_187' title='bbox 827 2283 883 2367; x_wconf 89' lang='lat' dir='ltr'>qui</span> <span class='ocrx_word' id='word_1_188' title='bbox 901 2305 966 2347; x_wconf 84' lang='lat' dir='ltr'>ma·</span> <span class='ocrx_word' id='word_1_189' title='bbox 1028 2282 1163 2357; x_wconf 79' lang='lat' dir='ltr'>vidisse,</span> <span class='ocrx_word' id='word_1_190' title='bbox 1186 2281 1286 2345; x_wconf 91' lang='lat' dir='ltr'>modo</span> <span class='ocrx_word' id='word_1_191' title='bbox 1317 2300 1385 2345; x_wconf 89' lang='lat' dir='ltr'>non</span> <span class='ocrx_word' id='word_1_192' title='bbox 1404 2294 1515 2345; x_wconf 90' lang='lat' dir='ltr'>essent</span> <span class='ocrx_word' id='word_1_193' title='bbox 1538 2282 1609 2366; x_wconf 85' lang='lat' dir='ltr'>ejus</span> <span class='ocrx_word' id='word_1_194' title='bbox 1628 2280 1766 2368; x_wconf 71' lang='lat' dir='ltr'>gerens,</span> 
     </span>
     <span class='ocr_line' id='line_1_19' title="bbox 220 2380 1766 2470; baseline 0.005 -25"><span class='ocrx_word' id='word_1_195' title='bbox 220 2386 281 2446; x_wconf 89' lang='lat' dir='ltr'>tris</span> <span class='ocrx_word' id='word_1_196' title='bbox 301 2401 378 2446; x_wconf 90' lang='lat' dir='ltr'>suae</span> <span class='ocrx_word' id='word_1_197' title='bbox 397 2380 564 2465; x_wconf 82' lang='lat' dir='ltr'>cupiditati</span> <span class='ocrx_word' id='word_1_198' title='bbox 583 2400 624 2445; x_wconf 89' lang='lat' dir='ltr'>eo</span> <span class='ocrx_word' id='word_1_199' title='bbox 642 2381 779 2459; x_wconf 87' lang='lat' dir='ltr'>restitit,</span> <span class='ocrx_word' id='word_1_200' title='bbox 793 2396 831 2444; x_wconf 91' lang='lat' dir='ltr'>ut</span> <span class='ocrx_word' id='word_1_201' title='bbox 844 2406 908 2447; x_wconf 83' lang='lat' dir='ltr'>non</span> <span class='ocrx_word' id='word_1_202' title='bbox 920 2388 970 2448; x_wconf 79' lang='lat' dir='ltr'>ul-</span> <span class='ocrx_word' id='word_1_203' title='bbox 1029 2386 1085 2470; x_wconf 88' lang='lat' dir='ltr'>qui</span> <span class='ocrx_word' id='word_1_204' title='bbox 1101 2384 1300 2470; x_wconf 87' lang='lat' dir='ltr'>principatus</span> <span class='ocrx_word' id='word_1_205' title='bbox 1313 2384 1346 2444; x_wconf 90' lang='lat' dir='ltr'>in</span> <span class='ocrx_word' id='word_1_206' title='bbox 1361 2380 1766 2469; x_wconf 61' lang='lat' dir='ltr'>repraesentandum</span> 
     </span>
     <span class='ocr_line' id='line_1_20' title="bbox 219 2483 1401 2585; baseline 0.001 -40"><span class='ocrx_word' id='word_1_207' title='bbox 219 2489 322 2546; x_wconf 78' lang='lat' dir='ltr'>lusu</span> <span class='ocrx_word' id='word_1_208' title='bbox 308 2485 471 2566; x_wconf 72' lang='lat' dir='ltr'>insignem</span> <span class='ocrx_word' id='word_1_209' title='bbox 489 2483 647 2546; x_wconf 79' lang='lat' dir='ltr'>honorem</span> <span class='ocrx_word' id='word_1_210' title='bbox 663 2505 737 2546; x_wconf 81' lang='lat' dir='ltr'>eam</span> <span class='ocrx_word' id='word_1_211' title='bbox 754 2488 897 2567; x_wconf 82' lang='lat' dir='ltr'>rect‘pere</span> <span class='ocrx_word' id='word_1_212' title='bbox 909 2508 971 2585; x_wconf 49' lang='lat' dir='ltr'>pus</span> <span class='ocrx_word' id='word_1_213' title='bbox 1027 2488 1112 2552; x_wconf 88' lang='lat' dir='ltr'>ciem</span> <span class='ocrx_word' id='word_1_214' title='bbox 1131 2486 1401 2573; x_wconf 76' lang='lat' dir='ltr'>praeferrent.</span> 
     </span>
     <span class='ocr_line' id='line_1_21' title="bbox 125 2564 1593 2669; baseline 0.004 -21"><span class='ocrx_word' id='word_1_215' title='bbox 125 2564 133 2579; x_wconf 54' lang='grc'><strong><em>’</em></strong></span> <span class='ocrx_word' id='word_1_216' title='bbox 220 2588 307 2648; x_wconf 80' lang='lat' dir='ltr'>blice</span> <span class='ocrx_word' id='word_1_217' title='bbox 321 2599 494 2667; x_wconf 79' lang='lat' dir='ltr'>peteretur</span> <span class='ocrx_word' id='word_1_218' title='bbox 515 2583 568 2664; x_wconf 82' lang='lat' dir='ltr'>b),</span> <span class='ocrx_word' id='word_1_219' title='bbox 585 2584 774 2669; x_wconf 86' lang='lat' dir='ltr'>permisisse</span> <span class='ocrx_word' id='word_1_220' title='bbox 792 2586 903 2649; x_wconf 87' lang='lat' dir='ltr'>matris</span> <span class='ocrx_word' id='word_1_221' title='bbox 922 2572 969 2650; x_wconf 80' lang='grc'><strong>111-</strong></span> <span class='ocrx_word' id='word_1_222' title='bbox 1288 2616 1308 2653; x_wconf 79' lang='lat' dir='ltr'>s</span> <span class='ocrx_word' id='word_1_223' title='bbox 1392 2571 1412 2607; x_wconf 65' lang='lat'>⁸</span> <span class='ocrx_word' id='word_1_224' title='bbox 1490 2616 1516 2653; x_wconf 67' lang='lat' dir='ltr'>e</span> <span class='ocrx_word' id='word_1_225' title='bbox 1590 2582 1593 2587; x_wconf 41' lang='lat'><strong>¹</strong></span> 
     </span>
     <span class='ocr_line' id='line_1_22' title="bbox 220 2685 1758 2772; baseline 0.003 -24"><span class='ocrx_word' id='word_1_226' title='bbox 220 2688 331 2772; x_wconf 82' lang='lat' dir='ltr'>iigiem</span> <span class='ocrx_word' id='word_1_227' title='bbox 356 2685 437 2750; x_wconf 87' lang='lat' dir='ltr'>dese</span> <span class='ocrx_word' id='word_1_228' title='bbox 458 2687 579 2753; x_wconf 87' lang='lat' dir='ltr'>Vestae</span> <span class='ocrx_word' id='word_1_229' title='bbox 604 2685 766 2752; x_wconf 86' lang='lat' dir='ltr'>attributis</span> <span class='ocrx_word' id='word_1_230' title='bbox 798 2687 943 2772; x_wconf 81' lang='lat' dir='ltr'>palem</span> <span class='ocrx_word' id='word_1_231' title='bbox 933 2711 967 2750; x_wconf 88' lang='lat' dir='ltr'>m</span> <span class='ocrx_word' id='word_1_232' title='bbox 1142 2690 1362 2758; x_wconf 80' lang='lat' dir='ltr'><strong>AVGVSTA.</strong></span> <span class='ocrx_word' id='word_1_233' title='bbox 1382 2690 1552 2757; x_wconf 82' lang='lat' dir='ltr'><strong>MATER.</strong></span> <span class='ocrx_word' id='word_1_234' title='bbox 1570 2688 1758 2759; x_wconf 74' lang='lat' dir='ltr'>PA&#39;l&#39;lilAB.</span> 
     </span>
     <span class='ocr_line' id='line_1_23' title="bbox 221 2787 1754 2875; baseline 0.001 -23"><span class='ocrx_word' id='word_1_235' title='bbox 221 2791 303 2853; x_wconf 86' lang='lat' dir='ltr'>urbe</span> <span class='ocrx_word' id='word_1_236' title='bbox 331 2789 496 2867; x_wconf 85' lang='lat' dir='ltr'>decorari,</span> <span class='ocrx_word' id='word_1_237' title='bbox 527 2802 561 2853; x_wconf 88' lang='lat' dir='ltr'>et</span> <span class='ocrx_word' id='word_1_238' title='bbox 588 2789 643 2875; x_wconf 89' lang='lat' dir='ltr'>qui</span> <span class='ocrx_word' id='word_1_239' title='bbox 672 2787 800 2853; x_wconf 83' lang='lat' dir='ltr'>divinos</span> <span class='ocrx_word' id='word_1_240' title='bbox 822 2790 967 2855; x_wconf 87' lang='lat' dir='ltr'>honores</span> <span class='ocrx_word' id='word_1_241' title='bbox 1142 2794 1257 2859; x_wconf 82' lang='lat' dir='ltr'><strong>VIBII.</strong></span> <span class='ocrx_word' id='word_1_242' title='bbox 1299 2792 1427 2855; x_wconf 84' lang='lat' dir='ltr'>Mulier</span> <span class='ocrx_word' id='word_1_243' title='bbox 1454 2793 1569 2855; x_wconf 82' lang='lat' dir='ltr'>velata</span> <span class='ocrx_word' id='word_1_244' title='bbox 1598 2792 1754 2859; x_wconf 68' lang='lat' dir='ltr'>semus</span> 
     </span>
     <span class='ocr_line' id='line_1_24' title="bbox 220 2892 1508 2977; baseline 0.003 -23"><span class='ocrx_word' id='word_1_245' title='bbox 220 2907 368 2955; x_wconf 88' lang='lat' dir='ltr'>mortuae</span> <span class='ocrx_word' id='word_1_246' title='bbox 394 2906 563 2977; x_wconf 79' lang='lat' dir='ltr'>negasset,</span> <span class='ocrx_word' id='word_1_247' title='bbox 594 2892 780 2957; x_wconf 84' lang='lat' dir='ltr'>eosadhuc</span> <span class='ocrx_word' id='word_1_248' title='bbox 803 2892 895 2960; x_wconf 79' lang='lat' dir='ltr'>vivae</span> <span class='ocrx_word' id='word_1_249' title='bbox 912 2892 968 2956; x_wconf 85' lang='lat' dir='ltr'>de·</span> <span class='ocrx_word' id='word_1_250' title='bbox 1137 2909 1308 2977; x_wconf 79' lang='lat' dir='ltr'>pateram,</span> <span class='ocrx_word' id='word_1_251' title='bbox 1322 2916 1349 2959; x_wconf 87' lang='lat' dir='ltr'>s.</span> <span class='ocrx_word' id='word_1_252' title='bbox 1363 2894 1508 2960; x_wconf 80' lang='lat' dir='ltr'>hostem.</span> 
     </span>
     <span class='ocr_line' id='line_1_25' title="bbox 219 2992 1751 3077; baseline 0.001 -21"><span class='ocrx_word' id='word_1_253' title='bbox 219 2993 304 3056; x_wconf 88' lang='lat' dir='ltr'>serri</span> <span class='ocrx_word' id='word_1_254' title='bbox 321 2992 615 3060; x_wconf 86' lang='lat' dir='ltr'>nouadrersatum.</span> <span class='ocrx_word' id='word_1_255' title='bbox 656 2995 701 3057; x_wconf 86' lang='lat' dir='ltr'>At</span> <span class='ocrx_word' id='word_1_256' title='bbox 717 2993 880 3069; x_wconf 88' lang='lat' dir='ltr'>ridemus,</span> <span class='ocrx_word' id='word_1_257' title='bbox 911 2995 965 3057; x_wconf 90' lang='lat' dir='ltr'>&#39;li-</span> <span class='ocrx_word' id='word_1_258' title='bbox 1017 2997 1113 3061; x_wconf 81' lang='grc' dir='ltr'><strong>ῙΜΡ.</strong></span> <span class='ocrx_word' id='word_1_259' title='bbox 1134 2998 1189 3062; x_wconf 84' lang='lat' dir='ltr'>TI.</span> <span class='ocrx_word' id='word_1_260' title='bbox 1203 2996 1325 3061; x_wconf 88' lang='lat' dir='ltr'><strong>CAES.</strong></span> <span class='ocrx_word' id='word_1_261' title='bbox 1342 2994 1444 3064; x_wconf 87' lang='lat' dir='ltr'><strong>AVG.</strong></span> <span class='ocrx_word' id='word_1_262' title='bbox 1463 2995 1632 3061; x_wconf 78' lang='grc'><strong>008.111.</strong></span> <span class='ocrx_word' id='word_1_263' title='bbox 1578 2996 1751 3077; x_wconf 66' lang='grc'><strong>11101111</strong></span> 
     </span>
     <span class='ocr_line' id='line_1_26' title="bbox 220 3093 1808 3183; baseline 0.001 -24"><span class='ocrx_word' id='word_1_264' title='bbox 220 3097 348 3159; x_wconf 77' lang='lat' dir='ltr'>beriam</span> <span class='ocrx_word' id='word_1_265' title='bbox 364 3116 493 3179; x_wconf 90' lang='lat' dir='ltr'>quoque</span> <span class='ocrx_word' id='word_1_266' title='bbox 508 3097 540 3156; x_wconf 92' lang='lat' dir='ltr'>in</span> <span class='ocrx_word' id='word_1_267' title='bbox 555 3097 816 3160; x_wconf 84' lang='lat' dir='ltr'>numisaeneisl.</span> <span class='ocrx_word' id='word_1_268' title='bbox 822 3097 963 3173; x_wconf 71' lang='lat' dir='ltr'>formae,</span> <span class='ocrx_word' id='word_1_269' title='bbox 1029 3100 1154 3163; x_wconf 71' lang='lat' dir='ltr'>merit</span> <span class='ocrx_word' id='word_1_270' title='bbox 1186 3098 1562 3164; x_wconf 62' lang='lat' dir='ltr'>laurentianum</span> <span class='ocrx_word' id='word_1_271' title='bbox 1591 3093 1808 3183; x_wconf 66' lang='lat' dir='ltr'>(rhene</span> 
     </span>
     <span class='ocr_line' id='line_1_27' title="bbox 221 3197 1166 3285; baseline 0.006 -27"><span class='ocrx_word' id='word_1_272' title='bbox 221 3219 276 3280; x_wconf 85' lang='lat' dir='ltr'>qus</span> <span class='ocrx_word' id='word_1_273' title='bbox 266 3197 530 3259; x_wconf 85' lang='lat' dir='ltr'>inscribuntur:</span> <span class='ocrx_word' id='word_1_274' title='bbox 562 3200 757 3261; x_wconf 81' lang='lat' dir='ltr'>civitats&#39;bus</span> <span class='ocrx_word' id='word_1_275' title='bbox 781 3200 891 3262; x_wconf 81' lang='lat' dir='ltr'>Asine</span> <span class='ocrx_word' id='word_1_276' title='bbox 917 3222 965 3262; x_wconf 87' lang='lat' dir='ltr'>rc·</span> <span class='ocrx_word' id='word_1_277' title='bbox 1026 3202 1166 3285; x_wconf 77' lang='grc'><strong>[1..(1114)</strong></span> 
     </span>
     <span class='ocr_line' id='line_1_28' title="bbox 221 3296 1801 3388; baseline 0.003 -27"><span class='ocrx_word' id='word_1_278' title='bbox 221 3301 370 3371; x_wconf 77' lang='lat' dir='ltr'>scientis,</span> <span class='ocrx_word' id='word_1_279' title='bbox 398 3296 487 3359; x_wconf 90' lang='lat' dir='ltr'>omni</span> <span class='ocrx_word' id='word_1_280' title='bbox 508 3318 649 3360; x_wconf 82' lang='lat' dir='ltr'>nammis</span> <span class='ocrx_word' id='word_1_281' title='bbox 663 3299 753 3362; x_wconf 89' lang='lat' dir='ltr'>cultu</span> <span class='ocrx_word' id='word_1_282' title='bbox 773 3299 878 3382; x_wconf 82' lang='lat' dir='ltr'>pulani</span> <span class='ocrx_word' id='word_1_283' title='bbox 895 3320 968 3382; x_wconf 88' lang='lat' dir='ltr'>pro·</span> <span class='ocrx_word' id='word_1_284' title='bbox 1087 3304 1149 3365; x_wconf 82' lang='lat' dir='ltr'>En.</span> <span class='ocrx_word' id='word_1_285' title='bbox 1165 3301 1305 3366; x_wconf 87' lang='lat' dir='ltr'>alterum</span> <span class='ocrx_word' id='word_1_286' title='bbox 1335 3321 1490 3378; x_wconf 83' lang='lat' dir='ltr'>numam,</span> <span class='ocrx_word' id='word_1_287' title='bbox 1518 3300 1667 3388; x_wconf 87' lang='lat' dir='ltr'>apriora</span> <span class='ocrx_word' id='word_1_288' title='bbox 1691 3296 1741 3363; x_wconf 86' lang='grc'><strong>1111</strong></span> <span class='ocrx_word' id='word_1_289' title='bbox 1798 3334 1801 3339; x_wconf 94' lang='grc'><strong><em>·</em></strong></span> 
     </span>
     <span class='ocr_line' id='line_1_29' title="bbox 221 3398 1739 3491; baseline 0.003 -30"><span class='ocrx_word' id='word_1_290' title='bbox 221 3400 372 3481; x_wconf 89' lang='lat' dir='ltr'>positum</span> <span class='ocrx_word' id='word_1_291' title='bbox 397 3399 545 3463; x_wconf 85' lang='lat' dir='ltr'>Sedet</span> <span class='ocrx_word' id='word_1_292' title='bbox 513 3400 664 3462; x_wconf 78' lang='lat' dir='ltr'>nimirum</span> <span class='ocrx_word' id='word_1_293' title='bbox 680 3400 761 3483; x_wconf 87' lang='lat' dir='ltr'>ipse,</span> <span class='ocrx_word' id='word_1_294' title='bbox 780 3402 967 3485; x_wconf 84' lang='lat' dir='ltr'>d.pateram</span> <span class='ocrx_word' id='word_1_295' title='bbox 1026 3406 1184 3491; x_wconf 89' lang='lat' dir='ltr'>principis</span> <span class='ocrx_word' id='word_1_296' title='bbox 1206 3405 1312 3489; x_wconf 88' lang='lat' dir='ltr'>capite</span> <span class='ocrx_word' id='word_1_297' title='bbox 1337 3404 1515 3469; x_wconf 79' lang='lat' dir='ltr'>diversum.</span> <span class='ocrx_word' id='word_1_298' title='bbox 1555 3404 1640 3467; x_wconf 88' lang='lat' dir='ltr'>Eum</span> <span class='ocrx_word' id='word_1_299' title='bbox 1655 3398 1739 3465; x_wconf 72' lang='lat' dir='ltr'>sucu</span> 
     </span>
     <span class='ocr_line' id='line_1_30' title="bbox 220 3500 1793 3591; baseline 0.003 -29"><span class='ocrx_word' id='word_1_300' title='bbox 220 3500 385 3583; x_wconf 85' lang='lat' dir='ltr'>praefert,</span> <span class='ocrx_word' id='word_1_301' title='bbox 417 3503 605 3578; x_wconf 68' lang='lat' dir='ltr'>chestem,</span> <span class='ocrx_word' id='word_1_302' title='bbox 631 3502 798 3587; x_wconf 87' lang='lat' dir='ltr'>supposito</span> <span class='ocrx_word' id='word_1_303' title='bbox 830 3503 967 3585; x_wconf 89' lang='lat' dir='ltr'>pedibus</span> <span class='ocrx_word' id='word_1_304' title='bbox 1027 3508 1097 3590; x_wconf 87' lang='lat' dir='ltr'>ejus</span> <span class='ocrx_word' id='word_1_305' title='bbox 1114 3505 1256 3591; x_wconf 78' lang='lat' dir='ltr'>catalogi</span> <span class='ocrx_word' id='word_1_306' title='bbox 1269 3507 1385 3576; x_wconf 81' lang='lat' dir='ltr'>Vticae</span> <span class='ocrx_word' id='word_1_307' title='bbox 1404 3503 1556 3572; x_wconf 82' lang='lat' dir='ltr'>vindleat.</span> <span class='ocrx_word' id='word_1_308' title='bbox 1578 3506 1736 3591; x_wconf 70' lang='lat' dir='ltr'>Opportune</span> <span class='ocrx_word' id='word_1_309' title='bbox 1790 3572 1793 3577; x_wconf 68' lang='grc'><strong>,</strong></span> 
     </span>
     <span class='ocr_line' id='line_1_31' title="bbox 221 3596 1734 3688; baseline 0.004 -23"><span class='ocrx_word' id='word_1_310' title='bbox 221 3602 384 3680; x_wconf 89' lang='lat' dir='ltr'>scabello,</span> <span class='ocrx_word' id='word_1_311' title='bbox 413 3623 496 3687; x_wconf 86' lang='lat' dir='ltr'>quae</span> <span class='ocrx_word' id='word_1_312' title='bbox 525 3605 631 3668; x_wconf 89' lang='lat' dir='ltr'>omnia</span> <span class='ocrx_word' id='word_1_313' title='bbox 656 3604 966 3688; x_wconf 83' lang='lat' dir='ltr'>unitepracsentcm</span> <span class='ocrx_word' id='word_1_314' title='bbox 1025 3608 1128 3685; x_wconf 89' lang='lat' dir='ltr'>istud,</span> <span class='ocrx_word' id='word_1_315' title='bbox 1152 3609 1211 3673; x_wconf 89' lang='lat' dir='ltr'>sed</span> <span class='ocrx_word' id='word_1_316' title='bbox 1239 3622 1346 3673; x_wconf 82' lang='lat' dir='ltr'>temen</span> <span class='ocrx_word' id='word_1_317' title='bbox 1373 3607 1415 3671; x_wconf 88' lang='lat' dir='ltr'>de</span> <span class='ocrx_word' id='word_1_318' title='bbox 1437 3606 1582 3673; x_wconf 88' lang='lat' dir='ltr'>lectione</span> <span class='ocrx_word' id='word_1_319' title='bbox 1605 3596 1734 3677; x_wconf 70' lang='lat' dir='ltr'>vitrii·</span> 
     </span>
     <span class='ocr_line' id='line_1_32' title="bbox 221 3705 1105 3790; baseline 0.008 -25"><span class='ocrx_word' id='word_1_320' title='bbox 221 3705 319 3768; x_wconf 90' lang='lat' dir='ltr'>deum</span> <span class='ocrx_word' id='word_1_321' title='bbox 342 3717 491 3787; x_wconf 80' lang='lat' dir='ltr'>arguunt.</span> <span class='ocrx_word' id='word_1_322' title='bbox 530 3705 581 3767; x_wconf 85' lang='lat' dir='ltr'>Ex</span> <span class='ocrx_word' id='word_1_323' title='bbox 604 3727 669 3790; x_wconf 89' lang='lat' dir='ltr'>quo</span> <span class='ocrx_word' id='word_1_324' title='bbox 690 3707 854 3790; x_wconf 79' lang='lat' dir='ltr'>colligere</span> <span class='ocrx_word' id='word_1_325' title='bbox 879 3705 967 3779; x_wconf 88' lang='lat' dir='ltr'>licet.</span> <span class='ocrx_word' id='word_1_326' title='bbox 1025 3712 1105 3775; x_wconf 82' lang='lat' dir='ltr'>bito.</span> 
     </span>
     <span class='ocr_line' id='line_1_33' title="bbox 220 3804 1808 3907; baseline 0.012 -41"><span class='ocrx_word' id='word_1_327' title='bbox 220 3804 411 3880; x_wconf 88' lang='lat' dir='ltr'>Tiberium,</span> <span class='ocrx_word' id='word_1_328' title='bbox 443 3807 505 3868; x_wconf 89' lang='lat' dir='ltr'>etsi</span> <span class='ocrx_word' id='word_1_329' title='bbox 532 3806 664 3891; x_wconf 89' lang='lat' dir='ltr'>publice</span> <span class='ocrx_word' id='word_1_330' title='bbox 699 3808 900 3892; x_wconf 76' lang='lat' dir='ltr'>praeferret,</span> <span class='ocrx_word' id='word_1_331' title='bbox 932 3831 967 3872; x_wconf 86' lang='lat' dir='ltr'>se</span> <span class='ocrx_word' id='word_1_332' title='bbox 1167 3852 1174 3864; x_wconf 88' lang='lat'><strong>·</strong></span> <span class='ocrx_word' id='word_1_333' title='bbox 1495 3844 1514 3881; x_wconf 83' lang='lat' dir='ltr'>s</span> <span class='ocrx_word' id='word_1_334' title='bbox 1719 3892 1721 3897; x_wconf 21' lang='lat'><strong><em>¹</em></strong></span> <span class='ocrx_word' id='word_1_335' title='bbox 1803 3884 1808 3907; x_wconf 42' lang='grc' dir='ltr'>Ι</span> 
     </span>
     <span class='ocr_line' id='line_1_34' title="bbox 112 3906 1730 3993; baseline 0.006 -26"><span class='ocrx_word' id='word_1_336' title='bbox 112 3924 116 3935; x_wconf 82' lang='grc'><strong>’</strong></span> <span class='ocrx_word' id='word_1_337' title='bbox 220 3906 347 3971; x_wconf 86' lang='lat' dir='ltr'>divinos</span> <span class='ocrx_word' id='word_1_338' title='bbox 378 3907 521 3971; x_wconf 84' lang='lat' dir='ltr'>honoras</span> <span class='ocrx_word' id='word_1_339' title='bbox 551 3911 738 3993; x_wconf 80' lang='lat' dir='ltr'>aspernari,</span> <span class='ocrx_word' id='word_1_340' title='bbox 771 3912 879 3974; x_wconf 86' lang='lat' dir='ltr'>tamen</span> <span class='ocrx_word' id='word_1_341' title='bbox 902 3932 967 3973; x_wconf 90' lang='lat' dir='ltr'>non</span> <span class='ocrx_word' id='word_1_342' title='bbox 1166 3914 1317 3981; x_wconf 82' lang='lat' dir='ltr'><strong>SALVS.</strong></span> <span class='ocrx_word' id='word_1_343' title='bbox 1372 3914 1591 3985; x_wconf 80' lang='lat' dir='ltr'><strong>AVGVSTA.</strong></span> <span class='ocrx_word' id='word_1_344' title='bbox 1630 3906 1730 3977; x_wconf 70' lang='lat' dir='ltr'>rm</span> 
     </span>
     <span class='ocr_line' id='line_1_35' title="bbox 112 4004 1808 4103; baseline 0.007 -34"><span class='ocrx_word' id='word_1_345' title='bbox 112 4021 114 4025; x_wconf 94' lang='lat'>·</span> <span class='ocrx_word' id='word_1_346' title='bbox 220 4008 503 4085; x_wconf 67' lang='lat' dir='ltr'>adversumne,</span> <span class='ocrx_word' id='word_1_347' title='bbox 534 4010 590 4093; x_wconf 77' lang='lat' dir='ltr'>qut</span> <span class='ocrx_word' id='word_1_348' title='bbox 621 4011 691 4094; x_wconf 72' lang='lat' dir='ltr'>ejus</span> <span class='ocrx_word' id='word_1_349' title='bbox 724 4012 967 4076; x_wconf 76' lang='lat' dir='ltr'>nmuucrou·</span> <span class='ocrx_word' id='word_1_350' title='bbox 1165 4012 1369 4085; x_wconf 76' lang='lat' dir='ltr'>svcvsrn</span> <span class='ocrx_word' id='word_1_351' title='bbox 1408 4018 1730 4102; x_wconf 67' lang='lat' dir='ltr'>supermensus</span> <span class='ocrx_word' id='word_1_352' title='bbox 1790 4004 1808 4103; x_wconf 73' lang='lat' dir='ltr'>i¹</span> 
     </span>
     <span class='ocr_line' id='line_1_36' title="bbox 220 4108 1801 4209; baseline 0.012 -37"><span class='ocrx_word' id='word_1_353' title='bbox 220 4111 287 4173; x_wconf 86' lang='lat' dir='ltr'>vini</span> <span class='ocrx_word' id='word_1_354' title='bbox 316 4110 422 4173; x_wconf 89' lang='lat' dir='ltr'>cultus</span> <span class='ocrx_word' id='word_1_355' title='bbox 463 4108 607 4194; x_wconf 87' lang='lat' dir='ltr'>speciem</span> <span class='ocrx_word' id='word_1_356' title='bbox 644 4111 810 4178; x_wconf 82' lang='lat' dir='ltr'>addidere.</span> <span class='ocrx_word' id='word_1_357' title='bbox 854 4112 966 4209; x_wconf 78' lang='lat' dir='ltr'>Quare</span> <span class='ocrx_word' id='word_1_358' title='bbox 1121 4121 1252 4182; x_wconf 82' lang='lat' dir='ltr'>·.dum</span> <span class='ocrx_word' id='word_1_359' title='bbox 1620 4134 1623 4139; x_wconf 88' lang='lat'>&#39;</span> <span class='ocrx_word' id='word_1_360' title='bbox 1792 4170 1801 4191; x_wconf 83' lang='grc'><strong>.</strong></span> 
     </span>
     <span class='ocr_line' id='line_1_37' title="bbox 220 4210 1796 4300; baseline 0.008 -27"><span class='ocrx_word' id='word_1_361' title='bbox 220 4233 329 4296; x_wconf 88' lang='lat' dir='ltr'>neque</span> <span class='ocrx_word' id='word_1_362' title='bbox 354 4210 542 4276; x_wconf 86' lang='lat' dir='ltr'>adversatus</span> <span class='ocrx_word' id='word_1_363' title='bbox 559 4212 730 4276; x_wconf 84' lang='lat' dir='ltr'>videtur”</span> <span class='ocrx_word' id='word_1_364' title='bbox 709 4235 765 4292; x_wconf 87' lang='lat' dir='ltr'>us,</span> <span class='ocrx_word' id='word_1_365' title='bbox 793 4217 848 4300; x_wconf 88' lang='lat' dir='ltr'>qui</span> <span class='ocrx_word' id='word_1_366' title='bbox 869 4217 967 4278; x_wconf 87' lang='lat' dir='ltr'>simili</span> <span class='ocrx_word' id='word_1_367' title='bbox 1026 4218 1156 4286; x_wconf 80' lang='lat' dir='ltr'><strong>IVLIA.</strong></span> <span class='ocrx_word' id='word_1_368' title='bbox 1180 4219 1402 4290; x_wconf 81' lang='lat' dir='ltr'><strong>AVGVSTA.</strong></span> <span class='ocrx_word' id='word_1_369' title='bbox 1422 4223 1459 4285; x_wconf 86' lang='lat' dir='ltr'>C.</span> <span class='ocrx_word' id='word_1_370' title='bbox 1478 4226 1518 4287; x_wconf 86' lang='lat' dir='ltr'>A.</span> <span class='ocrx_word' id='word_1_371' title='bbox 1541 4224 1581 4287; x_wconf 86' lang='lat' dir='ltr'>E.</span> <span class='ocrx_word' id='word_1_372' title='bbox 1604 4222 1732 4286; x_wconf 72' lang='grc'><strong>1111111</strong></span> <span class='ocrx_word' id='word_1_373' title='bbox 1793 4280 1796 4285; x_wconf 94' lang='grc'><strong>.</strong></span> 
     </span>
    </p>
   </div>
   <div class='ocr_carea' id='block_1_3' title="bbox 1389 3796 1409 3832">
    <p class='ocr_par' dir='ltr' id='par_1_3' title="bbox 1389 3796 1409 3832">
     <span class='ocr_line' id='line_1_38' title="bbox 1389 3796 1409 3832; baseline 0 0"><span class='ocrx_word' id='word_1_374' title='bbox 1389 3796 1409 3832; x_wconf 60' lang='lat' dir='ltr'>O</span> 
     </span>
    </p>
   </div>
   <div class='ocr_carea' id='block_1_4' title="bbox 107 4194 1808 4593">
    <p class='ocr_par' dir='ltr' id='par_1_4' title="bbox 107 4194 1808 4593">
     <span class='ocr_line' id='line_1_39' title="bbox 1798 4194 1808 4251; baseline 0 0"><span class='ocrx_word' id='word_1_375' title='bbox 1798 4194 1808 4251; x_wconf 88' lang='grc'>1</span> 
     </span>
     <span class='ocr_line' id='line_1_40' title="bbox 219 4254 1808 4406; baseline 0.008 -31"><span class='ocrx_word' id='word_1_376' title='bbox 219 4316 346 4379; x_wconf 87' lang='lat' dir='ltr'>honore</span> <span class='ocrx_word' id='word_1_377' title='bbox 384 4329 521 4379; x_wconf 90' lang='lat' dir='ltr'>matrem</span> <span class='ocrx_word' id='word_1_378' title='bbox 558 4313 730 4393; x_wconf 79' lang='lat' dir='ltr'>adiecere,</span> <span class='ocrx_word' id='word_1_379' title='bbox 768 4331 802 4380; x_wconf 85' lang='lat' dir='ltr'>et</span> <span class='ocrx_word' id='word_1_380' title='bbox 828 4317 966 4402; x_wconf 86' lang='lat' dir='ltr'>quidem</span> <span class='ocrx_word' id='word_1_381' title='bbox 1024 4325 1104 4384; x_wconf 82' lang='lat' dir='ltr'>dens</span> <span class='ocrx_word' id='word_1_382' title='bbox 1126 4324 1301 4406; x_wconf 74' lang='lat' dir='ltr'>depictis,</span> <span class='ocrx_word' id='word_1_383' title='bbox 1319 4333 1350 4388; x_wconf 82' lang='lat' dir='ltr'>&#39;s.</span> <span class='ocrx_word' id='word_1_384' title='bbox 1369 4326 1511 4391; x_wconf 82' lang='lat' dir='ltr'>hastam.</span> <span class='ocrx_word' id='word_1_385' title='bbox 1545 4312 1732 4402; x_wconf 56' lang='grc'><strong>11111111</strong></span> <span class='ocrx_word' id='word_1_386' title='bbox 1790 4254 1808 4401; x_wconf 82' lang='lat' dir='ltr'>l</span> 
     </span>
     <span class='ocr_line' id='line_1_41' title="bbox 107 4415 1465 4507; baseline 0.007 -26"><span class='ocrx_word' id='word_1_387' title='bbox 107 4463 112 4481; x_wconf 90' lang='lat'>-.</span> <span class='ocrx_word' id='word_1_388' title='bbox 220 4436 297 4478; x_wconf 85' lang='lat' dir='ltr'>mox</span> <span class='ocrx_word' id='word_1_389' title='bbox 334 4416 375 4479; x_wconf 89' lang='lat' dir='ltr'>ab</span> <span class='ocrx_word' id='word_1_390' title='bbox 405 4415 532 4480; x_wconf 83' lang='lat' dir='ltr'>adito</span> <span class='ocrx_word' id='word_1_391' title='bbox 522 4416 682 4501; x_wconf 79' lang='lat' dir='ltr'>imperio,</span> <span class='ocrx_word' id='word_1_392' title='bbox 714 4437 785 4503; x_wconf 86' lang='lat' dir='ltr'>quo</span> <span class='ocrx_word' id='word_1_393' title='bbox 815 4432 965 4506; x_wconf 83' lang='lat' dir='ltr'>tempore</span> <span class='ocrx_word' id='word_1_394' title='bbox 1023 4444 1082 4487; x_wconf 78' lang='grc' dir='ltr'>ιιι</span> <span class='ocrx_word' id='word_1_395' title='bbox 1097 4425 1130 4485; x_wconf 90' lang='lat' dir='ltr'>in</span> <span class='ocrx_word' id='word_1_396' title='bbox 1147 4424 1252 4488; x_wconf 88' lang='lat' dir='ltr'>numis</span> <span class='ocrx_word' id='word_1_397' title='bbox 1269 4424 1465 4507; x_wconf 85' lang='lat' dir='ltr'>Emeritae.)</span> 
     </span>
     <span class='ocr_line' id='line_1_42' title="bbox 218 4552 1791 4593; baseline 0.005 -9"><span class='ocrx_word' id='word_1_398' title='bbox 218 4554 1726 4591; x_wconf 69' lang='lat'>--———-——-------.................=-·</span> <span class='ocrx_word' id='word_1_399' title='bbox 1779 4552 1791 4593; x_wconf 85' lang='lat'>.·</span> 
     </span>
    </p>
   </div>
   <div class='ocr_carea' id='block_1_5' title="bbox 101 4638 1791 4787">
    <p class='ocr_par' dir='ltr' id='par_1_5' title="bbox 101 4638 1791 4787">
     <span class='ocr_line' id='line_1_43' title="bbox 257 4638 1791 4721; baseline 0.008 -30"><span class='ocrx_word' id='word_1_400' title='bbox 257 4640 288 4707; x_wconf 78' lang='lat' dir='ltr'>a)</span> <span class='ocrx_word' id='word_1_401' title='bbox 308 4640 352 4695; x_wconf 88' lang='lat' dir='ltr'>De</span> <span class='ocrx_word' id='word_1_402' title='bbox 365 4640 459 4700; x_wconf 87' lang='lat' dir='ltr'>Ponto</span> <span class='ocrx_word' id='word_1_403' title='bbox 475 4640 507 4700; x_wconf 82' lang='lat' dir='ltr'>L.</span> <span class='ocrx_word' id='word_1_404' title='bbox 518 4643 567 4703; x_wconf 89' lang='lat' dir='ltr'>IV.</span> <span class='ocrx_word' id='word_1_405' title='bbox 587 4663 633 4721; x_wconf 86' lang='lat' dir='ltr'>ep.</span> <span class='ocrx_word' id='word_1_406' title='bbox 647 4642 726 4705; x_wconf 85' lang='lat' dir='ltr'><strong>XIII.</strong></span> <span class='ocrx_word' id='word_1_407' title='bbox 743 4663 769 4703; x_wconf 83' lang='lat' dir='ltr'>v.</span> <span class='ocrx_word' id='word_1_408' title='bbox 780 4655 824 4718; x_wconf 81' lang='lat'>29.</span> <span class='ocrx_word' id='word_1_409' title='bbox 964 4646 999 4717; x_wconf 88' lang='lat' dir='ltr'>b)</span> <span class='ocrx_word' id='word_1_410' title='bbox 1020 4646 1099 4706; x_wconf 86' lang='lat' dir='ltr'>Suet.</span> <span class='ocrx_word' id='word_1_411' title='bbox 1117 4649 1146 4707; x_wconf 85' lang='lat' dir='ltr'>iu</span> <span class='ocrx_word' id='word_1_412' title='bbox 1159 4650 1228 4707; x_wconf 80' lang='lat' dir='ltr'>Tib.</span> <span class='ocrx_word' id='word_1_413' title='bbox 1248 4670 1272 4708; x_wconf 87' lang='lat' dir='ltr'>c.</span> <span class='ocrx_word' id='word_1_414' title='bbox 1284 4664 1327 4714; x_wconf 85' lang='lat'>50.</span> <span class='ocrx_word' id='word_1_415' title='bbox 1467 4652 1610 4721; x_wconf 78' lang='lat' dir='ltr'>e)··&#39;l‘auit.</span> <span class='ocrx_word' id='word_1_416' title='bbox 1624 4638 1733 4719; x_wconf 74' lang='lat' dir='ltr'>Anuli·</span> <span class='ocrx_word' id='word_1_417' title='bbox 1780 4702 1791 4719; x_wconf 28' lang='grc' dir='ltr'>,Ι</span> 
     </span>
     <span class='ocr_line' id='line_1_44' title="bbox 101 4739 1788 4787; baseline 0.015 -5"><span class='ocrx_word' id='word_1_418' title='bbox 101 4747 109 4763; x_wconf 85' lang='grc'><em>·</em></span> <span class='ocrx_word' id='word_1_419' title='bbox 221 4747 246 4784; x_wconf 88' lang='lat' dir='ltr'>c.</span> <span class='ocrx_word' id='word_1_420' title='bbox 262 4739 301 4787; x_wconf 80' lang='lat'>15.</span> <span class='ocrx_word' id='word_1_421' title='bbox 1308 4750 1312 4757; x_wconf 88' lang='grc'><em>“</em></span> <span class='ocrx_word' id='word_1_422' title='bbox 1785 4760 1788 4765; x_wconf 89' lang='grc'><strong>“</strong></span> 
     </span>
    </p>
   </div>
   <div class='ocr_carea' id='block_1_6' title="bbox 0 0 2010 5370">
    <p class='ocr_par' dir='ltr' id='par_1_6' title="bbox 0 0 2010 5370">
     <span class='ocr_line' id='line_1_45' title="bbox 0 0 2010 5370; baseline 0 0"><span class='ocrx_word' id='word_1_423' title='bbox 0 0 2010 5370; x_wconf 95' lang='lat' dir='ltr'> </span> 
     </span>
    </p>
   </div>
  </div>
 </body>
</html>
