4012 5370
217 500 289 567 410
855 476 1128 553 MATIDIA.

219 655 416 735 Augustam,
446 645 506 709 aed
530 647 635 708 solunt
661 644 827 729 Augustae
852 646 962 715 liliam.
1020 669 1085 735 qne
1105 642 1527 727 nnanathtsatiataeiab).
1563 644 1788 713 Eurum·

221 758 265 815 At
291 753 324 812 in
358 748 528 814 consulatu
556 749 613 813 vt.
640 749 806 831 Augustae
835 749 962 815 honora
1019 752 1132 815 nesius
1164 748 1307 814 subsidia
1327 768 1371 813 ex
1398 746 1598 835 genealogia
1630 750 1788 834 quaerit,·'

221 854 323 918 luisse
345 862 505 924 ornatam,
536 848 622 912 alter
641 850 825 914 Marcianae
849 873 965 914 numus
1024 850 1084 915 sed
1107 851 1332 933 ineassum).
1366 852 1413 913 At
1429 869 1513 915 vero
1530 848 1633 915 laeila
1659 852 1790 935 ιοῐιίς·Ι

223 954 332 1019 docet.
376 957 415 1015 ln
450 951 598 1017 divarum
627 969 799 1015 numerum
831 952 965 1016 relatam
1026 974 1077 1015 ma
1101 951 1187 1017 istud
1208 951 1364 1028 soluitur,
1398 950 1427 1014 si
1445 949 1618 1035 duplicem
1631 952 1767 1023 nonensi·

222 1054 308 1121 infra
323 1053 523 1120 videbimus..
1026 1054 1148 1119 tudinis
1177 1052 1399 1117 conditionem
1427 1066 1636 1139 speetamua,
1670 1054 1769 1133 aliu,

287 1158 420 1220 Proles:
1029 1177 1126 1240 quam
1148 1154 1252 1220 eflicit
1277 1168 1407 1234 natura,
1444 1152 1562 1233 aliam,
1594 1176 1695 1243 qnam
1723 1156 1791 1223 ad·

287 1258 315 1321 1.
341 1255 500 1319 SABINA
515 1253 673 1318 Hadriani
686 1254 770 1339 Aug.
783 1274 877 1321 uxor.
1029 1258 1129 1341 optio.
1169 1255 1358 1320 Secundum
1378 1256 1528 1341 priorem
1552 1258 1770 1325 modnntnoa

289 1362 330 1420 11.
352 1358 543 1427 MATlDlA
566 1356 687 1438 junior.
727 1358 832 1443 Hujus
860 1357 973 1421 msni-
1028 1358 1090 1421 tata
1126 1358 1261 1421 Mutidia
1302 1357 1460 1422 Antonini
1497 1372 1700 1440 matertera,
1740 1380 1770 1425 ao

228 1478 310 1523 nere
332 1458 414 1520 trina
432 1457 681 1542 epigrammata,
705 1479 786 1542 quae
806 1459 975 1524 iere-eon·
1030 1473 1208 1544 propterea
1231 1458 1349 1523 omissa
1375 1459 1437 1524 luit
1459 1481 1480 1524 a
1496 1460 1709 1545 Capitolino,
1727 1462 1772 1545 qai

227 1560 351 1643 spirant
366 1562 406 1640 ¹).
438 1560 565 1622 Horum
584 1580 683 1621 unum
702 1559 748 1622 sie
762 1561 898 1644 junioris
914 1560 973 1625 ltu·
1030 1562 1212 1625 naturalem
1234 1572 1357 1625 tantnm
1387 1561 1530 1645 stirpem·
1554 1582 1715 1629 enarrare
1733 1566 1771 1627 ia·

230 1663 281 1746 jus
298 1660 449 1725 Matidiae
467 1680 569 1745 genua
583 1661 809 1748 persequitur:
1033 1661 1136 1728 stituit
1144 1644 1161 1738 ς’
1188 1673 1222 1725 at
1249 1661 1312 1725 init
1337 1660 1411 1727 talia
1436 1684 1500 1748 pet·
1528 1664 1720 1749 adoptionis
1736 1668 1773 1731 le

492 1764 712 1825 MATIDIAE
1034 1782 1128 1848 gem.;
1156 1784 1232 1827 nam
1249 1762 1429 1829 secundom
1451 1766 1540 1829 itane
1558 1764 1684 1831 Sabina
1703 1764 1772 1833 insta

302 1919 307 1929 .
417 1861 787 1931 AVG.F1L.D1VAE
1034 1878 1086 1930 eat
1102 1877 1208 1930 mater
1222 1865 1394 1941 Antonini,
1421 1878 1472 1943 et,
1499 1866 1596 1951 quod
1612 1870 1771 1953 oonseqai·

405 1966 675 2027 MARCIANAE.
698 1964 801 2034 AVG.
1032 1978 1112 2044 tur,
1136 1964 1275 2031 Sabinae
1302 1985 1399 2031 soron
1419 1964 1564 2031 Matidia¹
1578 1968 1698 2053 junior
1710 1988 1771 2037 a*

338 2066 482 2130 NEPTI.
505 2067 653 2133 DlVAE.
678 2065 865 2128 SABINAE
1033 2066 1074 2130 ait
1091 2080 1266 2132 matertera
1284 2066 1457 2147 Antonini,
1485 2080 1588 2155 atque
1606 2070 1674 2137 lton
1688 2071 1770 2135 unta

454 2167 556 2233 AVG.
581 2167 746 2230 SORORI
1032 2167 1084 2230 nsi
1096 2168 1355 2246 Minturnenses,
1373 2168 1431 2256 qui
1446 2190 1597 2235 marmor
1610 2168 1697 2235 illud
1706 2170 1771 2235 luia

439 2268 766 2333 1MP.AN'1'0N1N1
1032 2268 1187 2333 Matidiae
1208 2270 1343 2334 honoris
1372 2290 1468 2335 eausa
1494 2290 1668 2355 posuere,
1698 2290 1773 2337 m

280 2367 389 2435 AVG,
404 2368 480 2451 Pu..
493 2369 538 2431 Ρ.
555 2369 593 2431 Ρ.
617 2366 925 2428 MA'I'ERTERAE
1034 2382 1217 2435 memorato
1243 2371 1385 2455 primum
1414 2371 1559 2437 naturali
1587 2392 1667 2437 eunt
1694 2390 1774 2459 peae-

434 2468 780 2531 MlNTVRNENSES
1035 2470 1227 2537 cedentibus
1244 2472 1399 2555 Augustis
1418 2492 1528 2551 nexu,
1557 2476 1594 2537 in
1610 2474 1708 2561 liujus
1726 2472 1773 2537 de-

555 2569 597 2631 Ι),
618 2568 662 2630 D·
1035 2571 1127 2637 iectu
1142 2570 1339 2637 adscititium
1355 2572 1564 2653 collaudant,
1586 2590 1626 2640 nt
1641 2592 1774 2659 oanpot
1808 2656 1811 2661 .

235 2671 317 2735 Cum
340 2680 449 2733 nostra
480 2670 562 2732 haee
588 2667 721 2731 Matidia
748 2669 781 2730 in
805 2668 878 2734 hoe.
897 2691 979 2733 mar·
1038 2672 1258 2739 adnlationena
1293 2696 1369 2739 enm
1401 2675 1598 2759 imperantis
1634 2673 1775 2763 prineipis

236 2793 331 2836 nore
349 2772 475 2835 dicatur
495 2769 626 2854 quidem
641 2770 708 2832 filia
724 2772 902 2855 Augustae,
921 2772 980 2835 sed
1038 2775 1137 2839 domo
1154 2775 1282 2861 possint
1294 2775 1510 2861 conjungere.
1546 2774 1772 2843 sanans-ti·

237 2896 304 2937 non
340 2875 408 2956 ipsa
429 2875 592 2955 Augusta,
634 2886 668 2933 et
708 2871 839 2955 quidem
874 2872 980 2936 adhue
1037 2898 1079 2941 na
1093 2875 1279 2962 potuitdiai
1301 2890 1409 2943 mater
1424 2880 1590 2943 Antonini
1602 2878 1675 2959 Pii,
1698 2888 1774 2941 nan·

235 2991 386 3059 tempore
418 2974 573 3037 Antonini
603 2972 671 3044 Pii,
702 2972 878 3050 doeemur,
908 2996 980 3039 earn
1037 2999 1081 3062 pe
1101 2998 1163 3063 per
1189 2976 1414 3062 adoptionem,
1443 2991 1482 3042 ut
1499 2980 1774 3045 habatnrinntar·

236 3098 344 3162 neque
378 3078 411 3137 in
440 3075 649 3157 provectiore
684 3087 788 3136 aetate
818 3076 983 3159 Augustae
1041 3100 1133 3143 more
1150 3078 1347 3143 Gruteriano
1370 3078 1423 3163 d),
1451 3080 1552 3145 etiam
1569 3080 1711 3147 sabinas
1730 3096 1772 3143 ao·

238 3178 368 3239 titulum
386 3178 509 3239 tulisse.
549 3174 798 3238 Observandum
813 3193 984 3259 praeterea
1040 3201 1101 3245 ror
1112 3179 1244 3244 Matidia
1267 3178 1332 3245 dici
1345 3182 1453 3266 potuit
1468 3184 1542 3265 ejus
1559 3182 1702 3269 Angnan'
1719 3200 1772 3243 ne

240 3279 282 3342 ad
299 3279 362 3340 hnc
379 3278 653 3341 Minturnensium
672 3277 885 3360 epigramma,
905 3280 986 3342 mul·
1041 3294 1182 3360 testera,
1203 3281 1486 3365 peradoptionem
1500 3284 1595 3353 item.

240 3395 310 3443 tum
338 3380 487 3443 laborare
515 3380 775 3469 Tillemontium,
804 3401 865 3463 gua
888 3382 985 3444 ratio·
1104 3383 1216 3449 Iunior
1230 3384 1312 3449 haee
1327 3384 1590 3453 manlianensis
1601 3398 1699 3453 eatet-

241 3504 284 3546 ne
312 3483 420 3564 junior
450 3482 531 3545 haeo
555 3480 688 3544 Matidia
713 3479 777 3544 dici
805 3496 900 3565 queat
918 3485 983 3545 An·

242 3586 345 3648 tonini
361 3585 412 3645 Pii
432 3598 622 3657 matertera,
652 3602 711 3645 seu
736 3583 846 3645 matris
871 3605 988 3662 soror,

243 3691 353 3769 (tonte
379 3686 586 3765 motemcllc)
612 3684 689 3746 dum
713 3697 854 3761 constat,
887 3684 984 3768 hujus

244 3787 383 3872 Augusti
398 3799 534 3849 matrem
551 3781 650 3847 luisse
664 3784 792 3847 Arriam
808 3784 984 3864 Fadium,
1203 3794 1401 3859 sturmus.
1436 3792 1540 3864 AVG.
1565 3796 1606 3860 F.
1627 3798 1664 3859 in
1688 3810 1768 3863 om}

1343 3624 1491 3691 Numi.-

245 3905 279 3955 et
296 3890 444 3965 miratur,
467 3888 495 3950 si
511 3908 589 3950 vere
608 3886 678 3967 ejus
698 3899 871 3950 matertera
888 3888 985 3950 exsti·
1204 3896 1328 3961 GAES,
1356 3894 1459 3963 ΔΥΕ.
1489 3896 1659 3963 GEREA,
1684 3894 1768 3959 mc.

241 3995 298 4069 tit,
321 3988 475 4053 seminam
489 3988 726 4050 tamillustrens
742 3989 890 4053 omissam
910 3990 986 4053 fuis·
1204 3996 1302 4063 608.
1321 3996 1364 4066 V·
1383 3996 1422 4059 Ρ.
1445 3998 1486 4063 Ρ.
1521 3998 1653 4063 Mulier
1672 3998 1770 4063 soon

245 4116 280 4158 se
310 4117 328 4156 a
350 4090 552 4175 Capitolino,
584 4090 641 4172 qui
669 4103 778 4152 tamen
799 4092 894 4174 hujus
922 4094 987 4153 Au·
1204 4102 1293 4162 inter
1310 4103 1394 4164 duos
1408 4096 1745 4183 insumendum.

246 4197 331 4279 gusti
358 4214 460 4279 genus
478 4214 516 4255 ao
534 4191 668 4272 stirpem
691 4190 819 4271 prolixe
845 4208 987 4257 comine-
1042 4197 1281 4268 MARCIANA,
1329 4197 1433 4269 ΗΕ.
1483 4198 1650 4267 SOROR,
1697 4196 1770 4263 111’.

245 4311 360 4361 morat.
406 4296 517 4387 Quare
548 4294 651 4357 varias
673 4292 781 4356 illatae
806 4293 902 4375 ltujns
931 4318 988 4360 ne.
1045 4303 1234 4367 'pamm
1256 4304 1363 4391 em,
1377 4302 1596 4403 Mamm?-
1616 4300 1769 4383 mm

247 4399 452 4464 eeaaitudinis
488 4396 691 4479 conjecturas
725 4397 893 4476 proponit,
931 4423 988 4464 ne.
1043 4403 1121 4467 „111
1140 4402 1282 4487 spgsstm,
1300 4424 1334 4485 P,
1351 4404 1438 4485 Μ)

284 4624 314 4683 a)
336 4622 489 4775 G1·utu(1l·)p.
498 4633 560 4682 252.
575 4635 602 4693 9.
617 4636 660 4683 to.
679 4633 707 4680 et
722 4633 843 4699 p·1085·
861 4636 887 4688 5.
979 4627 1015 4699 b)
1033 4624 1111 4685 Nota
1124 4626 1148 4686 1.
1164 4623 1196 4684 in
1208 4626 1277 4684 Aut.
1291 4624 1386 4687 Pium.
1477 4628 1512 4701 e)
1529 4625 1623 4688 lusus.
1639 4614 1770 4683 Clau-lll-

249 4720 330 4769 mio.
477 4729 546 4786 pag.
557 4722 620 4773 252.
636 4724 662 4773 7.
