3998 5340
222 456 293 525 502
801 432 1173 511 HADRIANVS.

225 631 307 698 quoe
329 607 480 694 quoniam
501 605 600 672 falsae
621 604 756 670 lectioni
773 605 965 680 innituntur,
1009 604 1178 690 duptam,
1207 626 1248 691 sp
1265 626 1326 681 tte
1341 606 1461 679 πολιυς
1483 600 1588 691 Τυχ,
1612 626 1681 671 m
1695 608 1774 671 ιώ,

224 727 335 798 suapte
353 725 520 777 oomuont.
558 707 751 778 Vaillantius
771 707 869 792 legiis
894 709 968 769 Aa·
1027 700 1537 791 ieopnooinoaornm'iersco
1556 730 1611 771 aas
1631 726 1773 795 mna·

148 828 156 835 '
221 843 263 885 no
288 822 352 902 874
372 816 499 882 notulis
531 814 623 875 urbis
644 809 769 893 populo
797 811 968 873 Circenses
1023 832 1117 873 saroa
1140 813 1293 887 βασιλευς
1320 803 1486 889 memor.
1531 810 1643 875 forre
1670 824 1775 875 aute·

220 923 395 986 concessit.
426 916 493 979 Sed
505 911 648 978 advertit
662 909 849 987 Bimsrdus,
871 910 968 973 iudos
1025 923 1097 975 tum
1113 913 1276 995 agebatur
1280 915 1424 997 fletum,
1434 912 1531 991 quoa
1543 914 1688 978 Parilia
1702 914 1774 977 oiin

220 1023 395 1087 Circenses
410 1018 494 1081 adeo
514 1016 616 1077 fuisse
631 1015 756 1078 Romae
775 1014 965 1098 frequentes
1023 1014 1215 1090 vocabatur,
1234 1032 1324 1075 nunc
1336 1024 1448 1077 autem
1461 1014 1643 1093 Romano,
1662 1016 1772 1097 terasia

219 1141 255 1188 ut
274 1120 450 1190 verisimile
463 1139 530 1180 non
547 1115 713 1192 videatur,
734 1115 878 1180 voluisse
898 1134 967 1177 mo·
1026 1115 1296 1180 Fortuooeurbis
1307 1115 1515 1177 dedicaturi
1529 1120 1683 1199 optineo,
1696 1118 1772 1181 etii·

216 1226 361 1290 netarios
390 1223 467 1285 sacti
492 1217 648 1282 ordinarii
676 1218 867 1281 memoriam
898 1236 966 1279 auo·
1024 1216 1407 1280 tororumcmoctissimo
1418 1217 1632 1297 imperatore
1642 1218 1773 1283 Hadria·

218 1332 261 1391 do
287 1319 545 1389 extraordinario
570 1319 604 1380 in
633 1319 739 1381 uumis
766 1319 964 1383 conservari.
1024 1338 1077 1380 no.
1099 1314 1175 1408 Quo
1188 1314 1376 1380 testimonio
1390 1315 1573 1395 docemur,
1588 1316 1634 1383 ab
1647 1320 1771 1385 lindria-

216 1427 430 1498 narduinus,
474 1442 547 1485 cum
574 1442 668 1506 quo,
713 1434 748 1483 ut
772 1421 965 1505 plerumque
1024 1439 1067 1481 no
1086 1418 1408 1501 statutumtemplum
1423 1420 1597 1485 Fortunae
1616 1422 1772 1495 urbiam

217 1529 295 1593 alias
309 1572 317 1602 ,
331 1525 428 1589 sentit
444 1524 615 1599 Jobertus,
630 1523 681 1586 sic
692 1522 894 1606 epigraphen
912 1545 966 1586 ex·
1023 1534 1092 1583 tum
1109 1520 1227 1583 festum
1237 1520 1358 1583 Parilia
1377 1520 1464 1584 haud
1485 1521 1592 1585 dubie
1608 1526 1773 1611 novisqai·

216 1630 334 1715 plicata
372 1628 482 1688 anno
508 1624 783 1715 Dcccuxxittt.
825 1625 968 1685 Nauali·
1023 1621 1158 1686 busdam
1174 1621 1312 1698 ritibus,
1334 1635 1449 1706 atque,
1472 1636 1508 1685 ut
1520 1626 1619 1688 numi
1634 1626 1771 1691 isidora-

104 1758 108 1769 ·
217 1733 341 1799 vntris
368 1730 495 1790 Plebeii
532 1730 716 1791 cilicenses
750 1726 965 1790 CONstituti·
1024 1746 1061 1788 re
1076 1723 1246 1801 videntur,
1268 1722 1353 1785 ludia
1373 1723 1587 1789 Circensibus
1601 1728 1707 1795 suiaae
1726 1748 1772 1793 ae·

217 1836 314 1895 Iquc
331 1829 463 1892 modum
478 1843 668 1912 aspernatur
684 1828 871 1903 Bimnrdus‚
888 1846 966 1911 quo·
1025 1826 1198 1890 lebratum.
1214 1827 1306 1889 Haec
1321 1824 1465 1888 Bimardi
1481 1830 1653 1893 sententia
1671 1832 1771 1895 aim

220 1938 306 1997 niam
326 1931 417 1995 nullo
429 1930 549 1994 idoneo
568 1931 779 1993 fundamento
792 1931 915 2004 nititur,
928 1949 965 1991 ao
1023 1931 1120 2013 plone
1135 1941 1240 2004 certa,
1270 1942 1379 1993 tamen
1395 1929 1622 2013 praeferenda
1642 1932 1771 2019 reliquis

216 2035 406 2122 praecipue,
425 2032 877 2117 quoniamCirceusosaeque
898 2031 966 2113 plo·
1023 2029 1165 2095 videtur.
1207 2029 1251 2091 At
1280 2029 1368 2093 enirn
1399 2030 1440 2093 lia
1468 2028 1603 2097 durabit
1635 2054 1770 2119 semper,

215 2140 296 2213 boii,
308 2158 343 2200 ac
353 2149 492 2211 senatus,
512 2149 545 2198 et
555 2134 849 2219 equestrisordinis
859 2134 964 2196 fuere.
1023 2131 1132 2195 donec
1158 2130 1199 2195 de
1227 2152 1306 2196 vera
1335 2131 1439 2217 siglae
1460 2132 1500 2199 Ρ.
1521 2134 1771 2219 aiguiiiutioue,

217 2241 380 2304 liefutatis
411 2257 493 2318 or·go
523 2237 641 2298 horum
674 2237 844 2299 sententiis
876 2256 965 2296 suom
1024 2253 1106 2319 quae
1127 2231 1217 2297 varie
1240 2233 1368 2317 expleri
1395 2245 1532 2318 potest,
1564 2240 1772 2323 magisterii

217 2342 329 2426 prodit
351 2337 519 2421 legendo:
555 2339 665 2400 ANNo
689 2338 965 2401 lrcchxxmt.

217 2440 361 2504 Nd'l'uli
374 2440 495 2504 vonis
505 2439 652 2499 Primum
671 2440 854 2501 cilicenses
862 2436 966 2498 CON-

218 2545 345 2606 stituti.
389 2540 508 2601 Censet
525 2538 642 2620 igitur,
678 2539 841 2602 Hadriano
865 2540 967 2622 impe·

216 2657 311 2708 rante
336 2640 376 2705 ad
394 2638 625 2703 celebrandum
642 2642 782 2704 natalem
802 2642 893 2705 urbis
908 2662 966 2703 no·

216 2771 273 2823 vo,
304 2759 338 2808 et
360 2744 517 2808 hacteuus
539 2743 664 2807 insueta
687 2743 788 2806 fuisse
812 2744 967 2809 constitu·

217 2867 259 2915 ta.
291 2852 421 2913 Revera
438 2848 603 2912 nerninem
619 2860 789 2910 auctorum
804 2860 965 2922 veterum,

218 2956 324 3036 ipsum
363 2973 471 3035 neque
502 2949 680 3025 Ovidium,
722 2969 796 3011 cum
825 2950 966 3012 natalem

218 3057 307 3119 hunc
329 3055 362 3114 in
384 3054 473 3116 fastis
496 3065 673 3124 memorat,
715 3052 966 3114 constitutorum

219 3160 317 3240 liujus
338 3177 432 3217 causa
454 3150 704 3227 sacrificiorum,
739 3167 793 3214 nut
813 3154 965 3216 ludorum

219 3257 419 3322 meminisse.
465 3254 677 3316 Constituisse
704 3254 803 3339 igitur
831 3254 966 3319 liadria·

215 3382 312 3438 num,
330 3358 383 3422 oui
402 3356 570 3440 indignum
588 3356 690 3419 visum
708 3371 774 3435 est,
791 3357 878 3421 diem
897 3359 965 3422 uni·

214 3484 315 3526 verso
341 3461 465 3545 populo
490 3462 639 3521 Romano
665 3460 877 3523 sacerrimum
895 3464 966 3524 uui-

215 3567 257 3629 tis
280 3563 501 3650 peculiaribus
536 3561 745 3625 caerimoniis
768 3562 966 3627 condecora·

215 3670 263 3744 ri,
288 3682 322 3730 ut
339 3666 406 3728 iudi
427 3666 601 3728 Circenses
624 3665 694 3745 ejus
713 3687 807 3728 causa
828 3686 966 3750 perago·

216 3784 345 3834 rentur.
376 3771 467 3831 lianc
484 3766 678 3829 contentioni
698 3788 763 3829 non
780 3788 895 3850 parum
918 3768 965 3850 ju·

1023 2336 1156 2401 erimus.
1198 2335 1355 2400 Eruditua
1384 2335 1567 2420 Poggiuiua
1595 2338 1770 2425 legenda·

1024 2450 1138 2500 censet
1154 2439 1301 2515 Publici,
1323 2436 1492 2515 nimirum,
1513 2435 1642 2527 iuquit,
1665 2460 1701 2507 ut
1719 2464 1771 2505 aa·

1023 2561 1095 2601 mus
1121 2537 1262 2616 indicet,
1284 2536 1385 2604 fuisse
1406 2539 1470 2623 jam
1493 2540 1593 2607 etiam
1616 2561 1712 2609 autea
1731 2566 1770 2611 eo

1024 2642 1078 2705 die
1100 2664 1119 2705 a
1140 2653 1239 2725 geute
1262 2641 1348 2705 Juiia
1368 2642 1502 2726 privatis
1519 2645 1706 2731 sumptibus
1721 2666 1771 2713 oe·

1023 2744 1168 2808 lebratoa
1188 2741 1284 2806 iudos
1305 2743 1496 2821 Circenses,
1526 2748 1683 2833 quoniam
1703 2770 1771 2813 aarb

994 2861 1115 2911 ·raute
1146 2846 1254 2908 Dione
1289 2842 1329 2928 b)
1364 2843 1471 2930 pridie
1502 2848 1664 2913 Pariiiuur
1695 2872 1772 2915 aaa·

1023 2951 1092 3013 cius
1115 2948 1156 3011 de
1188 2947 1282 3011 victis
1303 2970 1321 3011 a
1343 2950 1368 3013 1.
1390 2950 1532 3013 Caesare
1561 2950 1596 3013 in
1618 2954 1769 3037 liiapaaia

1023 3051 1174 3135 Pompeji
1187 3050 1300 3112 liberis
1317 3049 1351 3111 iu
1364 3049 1479 3113 urbem
1497 3066 1548 3115 est
1567 3056 1716 3137 perlatus
1731 3058 1757 3099 ‘⁸

1024 3153 1092 3216 Sed
1115 3152 1303 3216 statuendus
1326 3152 1458 3216 tandem
1480 3155 1684 3239 conjecturis
1704 3178 1734 3219 us

1023 3256 1101 3318 dua·

1067 3357 1232 3443 insignia,
1269 3379 1353 3444 quae
1379 3358 1501 3423 mulier
1529 3358 1622 3423 humi
1652 3360 1770 3427 oedm

1023 3482 1120 3524 mann
1143 3462 1392 3545 complectitur,
1414 3461 1546 3527 cusum
1568 3462 1706 3548 ipaum,¹
1723 3462 1770 3525 ia·

1022 3564 1147 3647 dosqoe
1179 3577 1293 3627 notant
1320 3576 1470 3648 tanquam
1503 3578 1617 3651 partes
1656 3578 1769 3641 toran,

1021 3667 1175 3729 nimirum
1197 3678 1268 3740 rota
1289 3685 1439 3743 cunum,
1459 3678 1530 3729 tres
1550 3666 1710 3743 obelisci,
1730 3670 1770 3733 ai·

1022 3788 1062 3832 ve
1085 3768 1160 3831 coni
1182 3766 1331 3845 Circum,
1352 3788 1491 3853 quorum
1510 3768 1601 3833 terni
1618 3772 1770 3855 conjuc-

215 3888 269 3937 rnt
292 3872 480 3935 Athenaeus
505 3872 554 3948 ⁸),
578 3868 654 3950 qui,
694 3889 767 3930 oum
789 3884 964 3947 narrasset,
1021 3868 1221 3954 tiutrinque
1242 3869 1367 3953 spinam
1387 3869 1564 3948 finiebant,
1606 3885 1642 3937 et
1663 3886 1769 3939 natae

216 3998 283 4060 quo
302 3989 453 4056 tempore
473 3972 685 4033 Rornaecurn
709 3970 963 4054 dipnosopiiistis
1021 3992 1114 4033 usum
1136 3970 1360 4054 praestabant,
1395 3971 1483 4037 circa
1514 3992 1614 4059 (μω
1635 3974 1769 4041 ssectea·

217 4080 284 4140 auis
321 4073 568 4147 convivabatur,
611 4085 748 4153 repente
776 4073 963 4136 exauditum
1021 4072 1081 4135 dua
1103 4070 1331 4158 quadrigorum
1358 4092 1485 4139 eunus.
1523 4076 1644 4143 Narrat
1675 4078 1770 4143 ὅου·

217 4181 394 4253 tibiarum,
429 4189 463 4239 et
488 4172 736 4256 cymbalorum,
775 4188 809 4237 et
836 4190 964 4239 canton·
1020 4194 1079 4238 uos
1100 4172 1210 4257 Lydus
1233 4170 1283 4251 d),
1314 4172 1375 4235 hoa
1401 4173 1566 4241 ciroortm
1593 4179 1771 4255 obeliscos.

213 4282 298 4345 tium
313 4278 495 4362 strepitum,
509 4274 615 4340 addita
636 4272 743 4358 ἔτυχεν
763 4270 963 4354 desieris(-
1020 4296 1102 4360 quoa
1138 4275 1198 4337 ille
1233 4294 1407 4359 peqteram
1442 4277 1632 4363 pyt-antidea
1666 4296 1771 4355 recu,

215 4407 273 4462 τη,
303 4405 345 4444 τα
370 4376 515 4460 Hasdru
544 4402 599 4462 pm
624 4381 807 4459 καλουμενα,
859 4401 903 4438 rvr
927 4373 964 4441 da
1019 4377 1119 4441 suisne
1144 4396 1255 4440 nerea
1276 4378 1427 4455 Nemeai,
1454 4378 1580 4458 eredo,
1611 4402 1657 4449 ua
1679 4406 1772 4451 me·

251 4600 282 4665 a)
305 4594 335 4649 Ι..
356 4591 433 4649 vill.
454 4610 485 4668 p.
505 4612 544 4647 tu.
564 4594 627 4654 561.
701 4589 737 4660 is)
758 4586 1016 4663 t..xt.111.§.sr.
1089 4590 1121 4659 c)
1140 4588 1218 4645 Pasti
1239 4588 1334 4647 Verrii
1348 4608 1378 4667 p.
1396 4600 1441 4655 58·
1517 4593 1771 4683 dinanum

216 4688 243 4741 iu
263 4700 398 4761 prooem.
