4012 5370
815 407 1211 484 DOMITIANVS.
1716 435 1787 515 389

494 615 512 651 ‚‚
598 571 615 606 *
701 619 718 653 .
1030 580 1125 640 une.
1147 557 1234 640 xit.
1259 577 1352 640 coc
1379 578 1447 645 xv.
1475 581 1597 646 cens,
1623 583 1660 647 Ρ.
1688 585 1726 649 u.
1744 587 1782 652 e.

363 659 421 730 ‘Vt
437 672 489 731 lit.
511 674 545 736 C.
1039 684 1165 744 Pallas.
1188 682 1258 743 AR.
1282 683 1383 762 (Mus.
1402 685 1527 764 Caes.)'

236 771 323 834 lMP.
343 772 428 834 xxt.
458 772 552 834 COS.
571 773 641 837 XV.
671 773 793 838 CENS.
819 777 855 837 P.
883 779 919 839 P.
941 779 977 842 P.
1228 784 1268 842 V.
1294 783 1329 844 C.
1347 784 1409 858 844
1430 785 1592 866 Ρ.Χ.ι)ι.
1704 819 1712 833 ·

234 872 359 936 Pallas.
383 874 451 933 All.
473 875 572 952 (ntus.
589 874 697 954 Caes.)
1042 880 1107 943 ΤΒ.
1133 884 1168 943 Ρ.
1185 880 1230 944 Χ.
1249 881 1315 944 XI.
1347 885 1441 949 COS.
1460 886 1540 949 XV.
1565 886 1667 949 DES.
1685 887 1783 951 XVI.

376 976 420 1034 Vt
436 976 491 1036 lit.
504 975 544 1033 B.
1116 985 1151 1047 P.
1168 982 1218 1045 M.
1238 986 1272 1045 P.
1293 986 1327 1043 Ρ.
1348 979 1471 1047 (ἙΝδ.
1490 984 1588 1049 ΙΜΡ.
1608 987 1709 1049 XXI.

231 1073 528 1137 GERMANICVS.
557 1073 650 1137 COS.
675 1077 749 1141 XV.
793 1076 974 1140 Germania
1033 1082 1083 1142 M.
1103 1083 1200 1162 leia
1232 1082 1392 1159 Traiano,
1431 1085 1526 1147 Man.
1551 1087 1669 1148 Acilio
1703 1085 1782 1147 Gla·

230 1177 345 1255 clypeo
363 1177 520 1237 insidens.
543 1176 614 1239 AV.
639 1178 673 1235 lu
688 1177 767 1238 ulio:
792 1177 975 1258 Imperator
1306 1184 1420 1244 brieno
1436 1204 1501 1245 cos.

231 1279 268 1336 in
285 1277 457 1352 quadrigis
471 1276 502 1336 d.
517 1296 662 1352 ramum,
680 1301 708 1341 s.
718 1291 883 1355 sceptrum
902 1299 974 1338 cum
1096 1278 1312 1363 Triumphum
1331 1279 1372 1343 de
1388 1281 1484 1343 Ducis
1501 1283 1542 1344 ud
1561 1284 1646 1346 hunc
1661 1306 1779 1347 unnum

228 1379 355 1452 aquila.
379 1375 449 1440 AV.
467 1377 566 1453 (Mus.
577 1377 686 1459 Caes.)
708 1379 779 1441 All.
799 1377 975 1458 (Motelli.)
1033 1378 1138 1443 refert
1160 1383 1338 1458 Eusebius,
1369 1403 1466 1466 quem
1497 1384 1594 1447 etium
1621 1399 1779 1452 memorat
1867 1374 1872 1385 ‘

231 1476 375 1537 lneliis:
407 1477 744 1540 Pullasstansuaria
767 1480 872 1544 cultu.
904 1481 974 1544 AV·
1032 1483 1209 1548 Suetonius
1233 1487 1279 1562 ⁸),
1302 1481 1446 1545 sedsine
1466 1486 1623 1568 temporis
1642 1500 1729 1550 nota.

235 1577 412 1659 (Marulli.)
1086 1644 1089 1651 ,
1194 1584 1285 1648 llllP.
1323 1584 1445 1646 CAES.
1483 1586 1641 1650 nouit.
1672 1587 1774 1655 AVG.

292 1678 392 1748 Sunt,
421 1676 476 1758 qui
493 1676 669 1739 Domitiani
694 1678 893 1762 triumphum
913 1681 975 1743 Du·
1194 1683 1330 1748 GERM.
1346 1686 1383 1746 P.
1395 1687 1440 1750 Μ.
1453 1689 1521 1753 ΤΗ.
1538 1689 1576 1751 P.
1586 1689 1643 1752 Xl.
1671 1690 1778 1769 Caput

229 1780 333 1842 cicum
359 1777 399 1839 ud
425 1777 527 1851 hunc,
561 1778 615 1840 vel
639 1795 832 1862 sequentem
856 1803 974 1844 sunum
1193 1785 1394 1848 laureatum.

231 1881 446 1953 constituunt,
490 1892 584 1959 nupto
629 1894 801 1963 praeterea
838 1883 975 1964 augurio
1031 1885 1121 1947 tute.
1146 1885 1232 1949 XXI.
1261 1884 1356 1948 GOS.
1378 1887 1449 1952 XV.
1476 1881 1598 1952 GENS.
1614 1889 1652 1955 P.
1680 1889 1716 1953 P.
1736 1890 1775 1947 P.

231 2001 273 2044 ex
296 1980 479 2063 quadrigis,
501 1995 536 2041 ut
554 1994 682 2062 putant,
710 1981 973 2065 triumphalibus,
1035 1976 1254 2051 Pallantis
1275 1989 1374 2066 (Mus.
1395 1987 1503 2068 Caes.)

229 2103 308 2165 quus
326 2080 467 2143 offerunt
483 2082 572 2143 numi
589 2059 758 2143 consulatu
775 2085 843 2150 XV.
861 2087 972 2161 notati,
1285 2131 1307 2169 4
1391 2089 1410 2127 *¹
1494 2134 1513 2169 ,

228 2203 294 2265 quo
316 2183 518 2245 Domitianus
549 2185 612 2246 hoc
639 2196 670 2242 et
695 2164 852 2266 sequente
887 2206 971 2249 unno
1168 2187 1451 2252 Antioaincerta.

226 2283 363 2364 insignis
383 2283 452 2347 luit.
495 2288 618 2351 Verum
639 2286 725 2346 idem
746 2299 839 2368 typus
865 2300 978 2349 exstat*
1029 2284 1163 2353 VOTA.
1178 2289 1378 2354 PVBLICA.
1404 2289 1500 2354 008.
1519 2290 1588 2354 XV.
1630 2290 1772 2369 Impera·

227 2384 872 2470 etiaminnureoaputhorelliumcum
893 2400 968 2449 notu
1028 2390 1142 2450 rorat
1168 2410 1262 2452 aram
1283 2389 1476 2472 sacrificans
1497 2394 1599 2452 sociis
1622 2391 1772 2464 tibicine,
1892 2401 1895 2412 '

227 2485 322 2549 COS.
351 2487 471 2562 llllll.‚
511 2490 567 2572 qui
589 2488 673 2551 adeo
698 2487 893 2551 referendus
915 2502 970 2553 est
1023 2508 1127 2568 popa,
1143 2493 1291 2554 victima.
1314 2493 1385 2554 AR.
1405 2489 1581 2573 (Medioh.)

226 2588 266 2650 ud
279 2589 459 2670 proximum
476 2590 624 2671 superius
641 2588 823 2667 biennium,
848 2591 969 2674 quinet
1088 2588 1318 2654 Medioburbus
1351 2592 1384 2653 in
1415 2591 1466 2655 his
1496 2591 1580 2656 rotis
1616 2588 1771 2670 intelligit

227 2692 260 2749 in
283 2691 387 2750 numis
412 2691 629 2751 consulatibus
648 2694 741 2754 XVl.
755 2707 787 2753 et
805 2693 903 2757 XVll.
921 2693 967 2752 in·
1025 2681 1313 2754 decennaliu.'Sin
1337 2690 1441 2766 istud,
1471 2712 1587 2753 numus
1613 2692 1677 2753 erit
1697 2688 1770 2750 unni
1841 2694 1844 2701 ‘

227 2793 364 2873 scriptis.
400 2794 455 2852 Ex
471 2813 535 2874 quo
554 2793 628 2853 sutis
644 2806 778 2875 apparet
794 2792 965 2875 quadrigas
1023 2790 1249 2871 praecedentis
1271 2793 1350 2866 843,
1396 2791 1449 2852 rel
1485 2791 1665 2872 praesentis
1696 2791 1769 2862 844,

224 2894 282 2954 hus
299 2914 361 2953 nou
376 2912 447 2953 esse
464 2893 817 2973 triumphales,sediis
833 2912 965 2977 proces·
1022 2903 1121 2971 prout
1154 2890 1307 2952 nimirum
1336 2892 1539 2953 Domitianus
1577 2887 1767 2951 decennalia

225 3016 294 3055 sum
304 2993 480 3055 Domitiani
492 2994 695 3057 consulerem
710 2995 854 3070 indicari,
873 3016 966 3078 prse-
1020 2991 1242 3056 celebraverit
1270 2995 1322 3057 vel
1344 2993 1476 3054 ineunte
1498 3010 1582 3053 enno
1604 2989 1644 3052 X.
1666 2989 1767 3069 impe·

226 3096 319 3176 cipue
351 3116 423 3156 cum
455 3097 594 3177 aquilam
625 3099 829 3159 consularem
867 3117 965 3158 mauu
1020 3092 1080 3168 rii,
1103 3093 1331 3169 relucente,
1363 3092 1486 3177 dequo
1506 3111 1571 3153 non
1600 3090 1766 3154 sutiscou-

226 3196 405 3277 praeierat,
429 3195 470 3258 de
485 3217 549 3279 quo
566 3199 749 3261 consulatus
766 3197 885 3280 insigni
901 3217 968 3260 mo-
1025 3206 1095 3257 stat.
1125 3195 1191 3258 Sed
1213 3209 1446 3281 conceptorum
1468 3191 1599 3276 publice
1616 3205 1764 3257 votorum

224 3298 371 3358 nubimus
392 3299 483 3379 plura
502 3299 532 3356 in
561 3312 696 3360 tractatu
714 3300 755 3362 de
779 3297 965 3362 consulibus
1021 3295 1132 3360 *varino
1156 3317 1227 3361 esse
1249 3318 1363 3361 causae
1387 3308 1536 3378 potuere.

227 3400 387 3480 Augustis.
1278 3445 1298 3482 4
1382 3398 1400 3431 '⁵
1485 3441 1503 3475 4

579 3483 596 3517 “
685 3531 703 3564 u
1083 3499 1219 3560 Exstant
1245 3499 1433 3580 complures
1454 3494 1549 3556 senei
1572 3493 1675 3555 omnis
1697 3494 1763 3554 Ior-

285 3602 388 3663 Aenei
406 3603 429 3665 l.
452 3615 485 3663 et
504 3604 541 3667 ll.
563 3601 686 3664 formae
704 3616 961 3682 argumentnco·
1014 3619 1089 3661 snae
1107 3619 1179 3661 cum
1200 3599 1367 3661 consulatu
1386 3597 1475 3672 XV..
1506 3595 1565 3659 sed
1583 3596 1637 3678 qui
1659 3615 1761 3677 seque

221 3705 306 3783 gnita
319 3715 480 3784 repetunt.
504 3704 554 3762 De
567 3703 674 3764 aeneis
688 3704 737 3762 lll.
749 3703 873 3765 formae
885 3725 960 3787 ege·
1017 3718 1101 3762 anno
1118 3699 1330 3782 praecedenti
1353 3711 1488 3780 possunt
1503 3695 1670 3780 adplicari.

219 3819 270 3863 tur
288 3805 346 3863 sub
365 3806 461 3864 linem
476 3824 645 3865 numorum
659 3804 928 3888 hujusprincipis.
1208 3805 1248 3861 V.
1269 3802 1303 3863 C.
1322 3802 1384 3875 845
1405 3802 1439 3862 Ρ.
1459 3800 1503 3861 X.
1515 3817 1566 3880 9²·
1608 3792 1612 3801 ’

1061 3901 1126 3996 I'II.
1144 3904 1180 3964 Ρ.
1198 3901 1263 3964 XI.
1282 3901 1376 3964 COS.
1391 3900 1489 3964 XVI.
1507 3901 1541 3963 P.
1562 3899 1612 3960 M.
1634 3901 1666 3961 P.
1683 3901 1714 3957 P.

1206 4000 1329 4064 CEIl'S·
1347 4002 1445 4064 IMP.
1470 3999 1569 4063 XXI.

384 4070 668 4131 TRP·X·1MP'
687 4072 784 4133 XXI·
1014 4103 1211 4166 Domitiana
1237 4103 1330 4183 Aug.
1343 4102 1437 4164 XVI.
1475 4101 1515 4183 Q.
1539 4097 1675 4168 Volusio
1699 4095 1757 4154 Su·

379 4207 466 4268 lllP.
507 4207 628 4268 CAES.
669 4207 822 4268 DOMlT.
852 4206 953 4270 Al‘G.
1250 4209 1493 4287 *lurnt'nococ

380 4308 516 4371 Genu.
536 4310 571 4368 Ρ.
590 4310 633 4367 Μ.
654 4309 721 4368 l'Il.
736 4311 771 4372 P.
787 4311 825 4372 X.
850 4312 957 4389 Caput
1077 4304 1165 4365 Nihil
1202 4303 1360 4367 memoris
1386 4301 1519 4383 dignum
1551 4297 1754 4382 suppeditant

382 4412 577 4469 laureatum.
1014 4406 1154 4469 annales.

458 3951 580 4010 Eodem
602 3973 699 4015 anuo.

250 4639 276 4678 ul
302 4618 402 4688 (lapsi
