4012 5370
219 503 266 567 22
703 560 705 568 Α
779 525 782 531 ,
825 474 876 546 tt.
911 471 1158 548 antris

225 656 314 717 llaec
331 651 363 713 in
381 668 506 735 genere
524 647 564 711 sd
583 644 765 731 descriptos
783 641 969 719 triennum
1027 642 1069 707 de
1091 641 1306 707 macilentam.
1335 641 1386 715 Et,
1400 640 1457 705 tali
1478 640 1580 706 laiaae
1602 661 1678 706 eum
1700 628 1774 706 eorl

223 755 318 820 fuere
342 748 561 827 observanda,
589 747 822 816 descendamus
843 745 885 811 ad
906 747 969 809 sin·
1026 745 1117 828 ponis
1156 743 1287 822 habita,
1332 743 1433 828 ipsius
1469 744 1622 810 Caeasris
1661 744 1773 813 rerbia

223 859 330 944 gulos,
1026 847 1256 930 comperimus.
1291 844 1373 909 Nam
1401 866 1475 910 cum
1496 847 1538 911 ad
1559 868 1636 911 eum
1663 846 1774 912 deser·

271 961 412 1021 'Numas
441 953 535 1040 prior
564 951 640 1016 binc
670 963 766 1037 caput
794 951 834 1016 L.
856 949 969 1029 Bruti,
1025 934 1142 1012 rentur
1171 950 1218 1014 Μ.
1240 945 1419 1026 Antoniaa,
1452 958 1487 1013 et
1512 949 1707 1029 Dolabella,
1735 960 1771 1012 ut

224 1061 302 1126 inde
319 1059 444 1123 Ahalae
467 1052 583 1131 offert,
605 1075 687 1139 quae
710 1053 780 1137 ipsa
801 1052 969 1141 utriusque
995 1129 1000 1139 ἱ
1026 1049 1083 1137 qui
1108 1049 1209 1113 rebus
1234 1050 1327 1113 novis
1352 1047 1542 1129 studerent,
1570 1051 1714 1135 negabat
1734 1049 1772 1113 ti·

226 1162 339 1249 rapitis
360 1160 497 1223 societas
518 1177 634 1218 numos
653 1157 715 1218 hos
731 1154 807 1217 haic
826 1140 872 1219 tt*
887 1155 971 1216 Bru·
1025 1172 1120 1216 mere
1142 1170 1216 1216 aesc
1238 1149 1356 1214 obesos
1374 1151 1467 1228 illos,
1489 1164 1523 1214 et
1538 1151 1693 1231 crinitos,
1713 1149 1772 1217 aed

225 1279 259 1329 to
288 1263 409 1327 invicte
436 1251 589 1326 vindicat.
630 1258 729 1335 Nam,
762 1266 798 1317 ut
826 1275 888 1338 per
916 1277 972 1338 pa·
1026 1254 1166 1341 pallidos
1203 1253 1283 1332 hoa,
1321 1264 1357 1317 et
1389 1252 1598 1331 macilentos,
1634 1254 1771 1316 Brutum

224 1380 310 1431 trem
330 1361 371 1428 ad
390 1363 430 1426 L.
446 1362 588 1439 Brutum<
604 1377 708 1443 genus
726 1377 819 1418 suum
839 1355 970 1419 referre
1027 1371 1063 1423 et
1091 1354 1236 1421 Cassiam
1270 1368 1385 1419 notans
1410 1354 1450 1435 c).
1491 1355 1635 1418 Barbam
1672 1353 1773 1418 modi·

226 1464 441 1536 credebatur,
473 1460 517 1522 its
543 1478 608 1542 per
632 1472 769 1522 matrem
797 1456 971 1523 Serviliam
1029 1478 1100 1523 cam
1129 1454 1304 1540 adpendit,
1338 1447 1491 1520 nimirum
1522 1470 1662 1542 propter
1690 1456 1771 1540 reip.

228 1565 403 1632 Servilium
434 1561 571 1624 Ahalam
600 1559 634 1622 in
666 1560 766 1625 certis
796 1559 973 1644 majoribus
1031 1559 1246 1624 calamitatem
1270 1555 1405 1636 aordes,
1436 1547 1470 1622 et
1491 1558 1684 1642 squalorem
1701 1579 1774 1643 pro·

225 1667 358 1744 babuit,
389 1665 443 1748 qai
471 1678 504 1727 et
530 1664 602 1748 ipsc
629 1663 687 1747 Sp.
708 1660 846 1725 Melium
867 1674 974 1745 tyran·
1030 1660 1156 1739 fessus,
1180 1660 1222 1725 de
1244 1680 1309 1745 quo
1331 1679 1424 1727 more
1445 1660 1541 1744 plura
1561 1659 1723 1725 diaseram
1742 1661 1776 1723 iu

227 1769 338 1834 nidem
360 1766 575 1830 adfectantem
597 1762 731 1848 propria
754 1783 851 1827 mauu
873 1765 974 1828 inten-
1031 1775 1162 1827 moneta
1189 1760 1329 1846 Augusti
1359 1759 1400 1825 ad
1429 1782 1547 1824 anuum
1576 1763 1623 1832 V.
1642 1762 1683 1828 C.
1702 1782 1776 1846 717.

227 1870 316 1936 iecit.
334 1868 420 1938 Vide
434 1869 647 1931 Plutarchum
661 1868 700 1948 ¹).
721 1865 898 1930 Praeclare
916 1886 974 1927 nu·
1031 1867 1187 1930 Ceterum
1218 1864 1338 1927 mirum
1368 1862 1537 1943 rideatur,
1574 1862 1648 1946 ejus
1683 1873 1779 1948 caput

227 1994 316 2036 mam
337 1972 424 2034 huuc
445 1970 588 2054 explicat
604 1967 723 2032 Cicero
744 1966 854 2032 serbis
876 1988 974 2050 supra
1029 1969 1156 2031 illatam
1176 1979 1343 2044 monetae,
1367 1965 1423 2050 qui
1440 1963 1600 2029 libertatis
1616 1986 1692 2031 aeae
1709 1967 1779 2032 riu·

228 2072 380 2138 budatisa
413 2071 539 2135 Brutos
563 2089 623 2150 ego
648 2071 866 2152 impellerem,
897 2089 975 2149 quo·
1031 2069 1141 2133 dicent
1168 2068 1336 2153 propalam
1364 2065 1508 2144 terebat,
1538 2065 1670 2151 quando
1691 2064 1779 2130 istud

229 2196 303 2238 rum
328 2186 462 2254 uterque
484 2172 526 2238 L.
540 2172 645 2233 Bruti
665 2170 845 2252 imaginem
867 2171 976 2251 quoti·
1031 2171 1139 2235 libera
1153 2190 1226 2254 rep.
1242 2190 1406 2255 uunquam
1423 2167 1485 2231 fuit
1498 2169 1714 2252 permissum,
1735 2181 1781 2239 at·

229 2277 283 2339 dte
298 2274 441 2349 rideret,
461 2273 548 2337 alter
562 2272 709 2355 (Marcam
724 2271 853 2352 noster)
871 2273 975 2335 etium
1033 2294 1097 2358 que
1126 2270 1212 2335 istud
1241 2269 1374 2335 demum
1394 2273 1420 2336 1.
1444 2270 1577 2335 Caesari
1604 2269 1694 2335 iuter
1721 2271 1779 2332 im·

236 2375 411 2438 Ahalae?
1034 2373 1184 2437 modicos
1211 2373 1293 2437 alios
1323 2386 1498 2457 congestos
1528 2361 1688 2439 bonores.
1723 2372 1780 2439 Vi·

294 2475 419 2537 Numus
444 2473 529 2538 aiter
549 2471 727 2559 imaginem
747 2474 866 2537 iterum
887 2487 978 2539 vete·
1035 2473 1108 2541 deri
1129 2487 1255 2559 posset,
1277 2474 1485 2560 imprudente
1506 2472 1594 2536 istud
1610 2474 1716 2538 Bruto
1735 2485 1784 2536 at·

231 2576 278 2639 ris
299 2574 395 2658 hujus
411 2574 507 2636 Bruti
525 2573 705 2658 adscripto:
729 2577 768 2640 L.
786 2576 975 2644 BRVTVS.
1034 2591 1191 2642 tentatum
1218 2575 1258 2657 ab
1286 2575 1358 2660 ejus
1383 2575 1518 2662 legatis,
1549 2595 1690 2660 quorun
1712 2573 1785 2661 ple·

231 2678 350 2737 PRIM.
374 2675 487 2752 COS.,
519 2689 554 2738 et
578 2675 694 2738 tertius
725 2676 873 2761 ejusdem
901 2698 978 2760 pro·
1035 2698 1173 2764 rumque
1195 2679 1326 2742 nomina
1352 2679 1422 2761 ejus
1449 2691 1600 2753 monetae
1625 2678 1786 2760 inscripta·

233 2798 361 2844 cessum
388 2776 594 2860 consularem
623 2776 716 2841 sistit.
751 2781 899 2864 Vterque
930 2792 979 2862 ty·
1035 2781 1200 2864 leguntur.
1228 2781 1271 2842 At
1288 2779 1316 2842 si
1333 2778 1415 2843 fides
1432 2779 1547 2856 Dioni,
1570 2778 1780 2862 cujusrerba

232 2901 293 2964 pus
313 2879 353 2945 ad
372 2891 580 2964 praesentem
597 2877 683 2964 reip.
700 2892 816 2944 statum
835 2879 978 2960 adludit,
1034 2881 1119 2944 inira
1140 2881 1302 2958 recitabo,
1324 2882 1443 2945 sactum
1464 2878 1551 2944 iatud
1569 2879 1721 2960 volente,
1742 2899 1779 2946 ae

232 3001 371 3066 namque
391 2994 427 3043 ut
442 2982 484 3046 L.
498 2983 619 3044 Brutus
634 2981 737 3065 pulsis
753 2981 888 3068 regibus
906 2983 977 3066 ipse
1035 2982 1258 3069 praecipiente
1276 2984 1392 3049 Bruto.

233 3087 384 3146 PRlMus
405 3082 552 3146 consul
571 3083 651 3160 luit,
677 3104 816 3169 cumque
838 3083 978 3148 consuli·
1098 3087 1292 3146 lldPerotor
1307 3083 1341 3145 iu
1360 3082 1480 3148 eedem
1495 3081 1652 3163 denario,
1668 3097 1704 3150 et
1717 3082 1781 3148 irc·

233 3184 296 3275 bus
323 3182 509 3245 libertatem
542 3182 682 3260 invexit,
716 3183 760 3246 ita
789 3187 835 3248 Μ.
847 3188 978 3279 =Brutus
1037 3199 1177 3272 quenter
1204 3185 1282 3248 alias
1310 3184 1510 3252 inscribitur.
1547 3185 1630 3268 Ejus
1655 3187 1780 3272 accepti

234 3302 331 3346 caeso
354 3281 513 3346 dictatore
534 3296 683 3347 veterem
710 3284 899 3368 dignitatem
927 3306 979 3349 re·
1037 3287 1123 3352 tituli
1153 3301 1187 3351 et
1217 3300 1363 3370 tempus,
1402 3300 1436 3352 et
1471 3308 1615 3353 causam.
1635 3287 1781 3375 prodidit

236 3383 358 3461 stituit,
379 3396 413 3446 ct
433 3405 496 3446 una
518 3383 601 3467 reip.
619 3384 821 3464 libertatem,
843 3408 925 3472 quae
944 3387 980 3448 in
1037 3389 1166 3470 Diod),
1186 3387 1338 3452 nimirum
1354 3390 1388 3452 ia
1406 3390 1548 3454 Thracas
1565 3393 1692 3456 Bessos
1706 3411 1780 3456 eum

235 3489 274 3574 ll.
296 3506 399 3556 numo·
418 3497 494 3568 typo
516 3506 658 3551 coronae
680 3507 844 3573 quernae,
865 3490 899 3551 in
921 3491 977 3555 lIl.
1036 3491 1239 3577 proiectum,
1256 3512 1330 3553 oum
1344 3504 1510 3556 uteorum
1526 3491 1696 3578 maleficia
1714 3495 1788 3558 riu-⁷

232 3590 304 3672 ipso
334 3587 444 3672 capite
466 3576 643 3652 Libertatis
670 3588 841 3657 iudicatur.
880 3594 980 3656 Prae·
1036 3597 1182 3671 dicaret,
1206 3607 1276 3657 tum
1294 3606 1333 3655 ut
1350 3615 1468 3658 nomen
1486 3596 1553 3659 sisi
1568 3596 1782 3678 dignitatem·

235 3691 324 3754 clara
346 3712 481 3753 numum
509 3693 595 3754 bunc
621 3690 763 3755 illustrat
785 3692 978 3771 Suetonius,
1037 3716 1098 3777 qtae
1123 3693 1330 3779 imperatoris
1356 3710 1515 3779 putaret,
1549 3715 1617 3779 quo
1636 3697 1782 3778 streilitas

235 3792 292 3878 qui
313 3791 467 3874 perhibet
483 3791 533 3874 Ιι),
558 3792 639 3857 hauc
662 3795 842 3859 orationem
865 3795 979 3859 Caesa
1034 3809 1152 3860 contra
1177 3798 1351 3861 Caesarem
1378 3807 1414 3860 et
1437 3799 1630 3864 Antonium
1661 3799 1782 3862 bellum

236 3893 282 3955 ris
311 3904 433 3955 statuae
462 3893 563 3957 fuisse
591 3894 797 3979 inscriptam:
833 3896 978 3973 Brutus,
1032 3883 1152 3980 gerere
1171 3910 1297 3980 posset,
1328 3912 1363 3960 et
1392 3911 1571 3979 utrumque
1593 3904 1783 3987 perfecisse.
1812 3944 1815 3948 -

234 3997 316 4075 quia
332 4013 427 4076 reges
443 3995 556 4073 ejecit,
582 3998 702 4059 consul
716 4000 847 4079 primus
857 3999 980 4081 foetus
1037 3997 1225 4063 Secundum
1255 3999 1469 4064 Plutarchum
1499 4001 1571 4084 ipse
1609 4022 1675 4065 uua
1711 4021 1784 4065 curn

234 4109 302 4176 ηις
331 4095 388 4156 hic
414 4097 566 4159 consules
592 4097 704 4176 ejecit,
732 4118 794 4162 rex
812 4111 979 4181 postremo
1037 4100 1149 4164 Cassio
1167 4099 1252 4184 apud
1269 4101 1388 4166 Sardes
1404 4103 1445 4166 ab
1462 4103 1613 4167 exercitu
1631 4104 1785 4168 acclama·

223 4200 346 4281 factus
367 4198 443 4259 est.‘
1038 4215 1089 4269 tus
1112 4216 1164 4267 est
1179 4203 1359 4287 imperator
1374 4205 1415 4286 θ).
1727 4287 1729 4290 Α

300 4297 391 4362 Idem
414 4317 531 4377 numus
552 4297 637 4362 alter
655 4300 760 4364 nostri
781 4321 912 4386 quoque
932 4304 979 4371 Μ.
1098 4308 1214 4370 Restat
1229 4327 1346 4368 numus
1362 4307 1437 4382 tv..
1459 4304 1552 4389 cujus
1572 4306 1706 4390 generis
1721 4327 1787 4371 ma·

236 4400 330 4462 Bruti
360 4398 536 4484 imaginem
564 4400 713 4480 exbibet,
750 4423 887 4485 eamque
914 4405 981 4468 ral-
1038 4426 1101 4491 gna
1128 4421 1279 4492 superest
1307 4407 1418 4492 copia,
1448 4408 1495 4470 sic
1521 4420 1651 4487 tamen,
1680 4423 1716 4473 ut
1736 4432 1784 4473 aa·

270 4622 301 4690 a)
321 4623 460 4680 lnBruto
477 4625 610 4686 subluit.
718 4626 757 4700 b)
777 4628 950 4690 inCaesare
969 4636 1056 4692 aar.
1169 4633 1200 4702 e)
1218 4628 1341 4690 Plutia
1358 4631 1496 4692 Caesbl.
1513 4632 1623 4691 Autem
1640 4643 1670 4690 et
1686 4633 1785 4690 Bruto.

233 4710 266 4783 d)
286 4710 320 4769 L.
333 4711 448 4772 XLVII.
465 4732 489 4772 c.
505 4728 549 4778 25.
659 4719 692 4790 e)
712 4715 742 4773 iu
755 4717 845 4774 Bruto
863 4736 891 4776 e.
903 4725 948 4779 dl.
