3998 5340
747 454 916 529 ΟΤΗΟ.

60 624 227 690 continuas
249 624 368 700 series,
392 619 531 687 eumad
553 642 673 684 aeneos
697 621 801 686 Otho·

57 727 108 788 nis
123 739 317 809 perventum
331 738 393 799 est,
411 736 541 805 turpem
557 720 677 785 hiatum
694 736 802 787 osten·

56 838 138 891 tara.
171 829 263 906 ‚Eam
293 826 437 909 inopiam
467 844 561 886 suum
586 823 730 888 dedecus
752 846 801 887 ar-

56 925 166 990 bitrati
187 949 303 1010 magna
323 925 482 1009 pecuniae
512 924 546 989 ri
580 926 686 988 oblata
715 925 801 986 redi·

54 1049 148 1092 mere
179 1030 248 1110 ejus
279 1029 408 1112 generis
437 1025 601 1088 cimelium
629 1024 799 1108 parabant,

53 1130 224 1219 risumque
263 1143 331 1191 tum
369 1148 506 1192 aeneum
536 1127 676 1190 Othonis
705 1138 802 1209 caput

16 1254 18 1257 ·
56 1231 183 1313 ingenti
213 1230 336 1313 pretio,
375 1250 414 1292 ac
446 1229 599 1313 praemiis
626 1227 799 1290 addictum.

56 1332 101 1393 Et
124 1344 228 1405 erant,
257 1330 420 1413 quietare
441 1331 610 1415 promissis
632 1342 800 1412 poterant;

55 1452 130 1494 nam
145 1451 210 1492 non
226 1431 288 1494 riri
305 1432 401 1494 modo
418 1433 554 1507 literati,
573 1429 799 1496 verumetiam

54 1532 220 1618 principes
264 1531 406 1596 Othonis
454 1534 548 1596 aenei
599 1530 801 1615 adipiscendi

56 1652 174 1715 magno
197 1632 374 1715 flagrabant
397 1634 579 1708 desiderio,
608 1653 690 1716 quos
713 1632 800 1693 inter

57 1735 241 1797 nominasse
272 1733 440 1797 suffecerit
473 1731 716 1796 Ferdinandum
743 1733 799 1796 111.

55 1836 156 1917 hug„
192 1836 288 1919 eique
317 1857 473 1902 coaevum
495 1833 703 1917 Leopoldum
724 1831 802 1891 Gni-

55 1936 203 2020 lielmum
220 1936 446 2013 archiducem,
463 1949 496 1999 et
508 1936 703 1999 christinam
721 1933 803 1994 Sue-

1534 487 1605 556 303

858 624 1000 705 croyam
1016 622 1131 689 ducem
1148 625 1404 708 Arachotanura,
1432 649 1465 699 et
1483 636 1602 703 ducem

857 725 1127 808 Bnltinghamium
1162 744 1321 791 memorat
1349 732 1500 812 historia,
1535 759 1601 803 ma·
1632 733 1634 735 ¹

857 846 952 909 gnam
980 828 1137 908 pecuniae
1171 849 1327 891 summam
1354 832 1388 893 in
1416 808 1605 914 deformem

856 926 939 990 hanc
960 949 1105 991 mercem
1138 929 1323 994 inconsulto
1346 931 1491 1000 effusam.
1535 939 1601 1002 De·

857 1031 953 1092 tectis
980 1029 1145 1110 paullatim
1179 1032 1228 1095 his
1262 1035 1447 1117 praestigiis
1481 1057 1601 1121 magno

857 1144 963 1206 motu,
987 1143 1083 1213 atque
1101 1130 1239 1196 adsensu
1260 1136 1351 1197 vario
1366 1137 1480 1218 agitari
1504 1159 1602 1221 quae·

858 1231 919 1293 stio
942 1245 1076 1312 coepta,
1108 1245 1217 1295 utrum
1235 1236 1420 1298 existerent
1442 1238 1602 1304 indubita-
1633 1307 1636 1310 ,

857 1344 911 1393 tae
938 1331 1016 1393 fidei
1037 1333 1126 1393 numi
1148 1333 1288 1396 Othonis
1316 1337 1411 1399 aenei
1432 1342 1600 1405 commatis

857 1432 1001 1514 antiqui?
1033 1433 1202 1517 Negarunt
1230 1433 1317 1497 istud
1340 1437 1401 1501 riri
1421 1463 1441 1501 a
1463 1441 1513 1503 rei
1542 1465 1602 1507 nu·

857 1533 1055 1594 mismaticae
1083 1555 1142 1594 usu
1171 1548 1205 1596 es
1233 1537 1465 1603 exercitatione
1488 1543 1602 1626 inclyti

856 1632 1014 1709 nominis,
1044 1635 1221 1717 praecipue
1244 1636 1300 1718 qui
1325 1637 1358 1698 in
1381 1639 1471 1702 ltalia
1492 1663 1603 1708 versa·

856 1733 989 1807 bantur,
1021 1729 1060 1794 et'
1072 1733 1207 1797 celebre
1222 1749 1289 1796 tum
1307 1757 1369 1818 per
1385 1741 1528 1804 omnium
1544 1764 1603 1809 ora

858 1833 921 1895 fuit
950 1833 1133 1913 christinae
1163 1836 1330 1899 oraculum
1368 1839 1601 1910 edisserendas

858 1936 917 2014 qai
930 1954 1059 1996 acreum
1080 1937 1241 1999 Othonem
1249 1944 1407 2022 repererit
1417 1950 1602 2026 antiquum,

56 2057 170 2100 corum
213 2037 370 2120 reginam.
422 2037 530 2101 illecti
571 2051 636 2098 tam
659 2033 801 2095 liberali·
853 2033 1451 2121 philosophicumlapideminvenerit.
1475 2047 1603 2112 Eadls·
1646 2069 1648 2072 ⁴

857 2133 998 2217 captatio
1027 2137 1231 2201 occasionem
1261 2137 1352 2202 dedit
1381 2142 1603 2212 dissertationi

857 2237 1098 2299 dromonibus
1117 2245 1232 2313 cercis,
1251 2261 1344 2326 qnam
1356 2241 1445 2324 jussu
1456 2249 1604 2333 Leopol·
1632 2310 1634 2315 ,

859 2335 892 2397 di
914 2335 1097 2400 archiducis
1128 2338 1336 2405 elucubratus
1367 2360 1417 2407 est
1437 2349 1603 2414 Henricus

859 2437 1002 2500 Thomas
1033 2439 1215 2527 Chistletius
1250 2443 1383 2525 reginae
1418 2449 1602 2517 Christinae

858 2538 892 2600 in
922 2539 1005 2604 urhe
1027 2562 1046 2601 a
1068 2542 1167 2604 sacris
1195 2541 1375 2626 ohsequiis,
1406 2568 1488 2630 quae
1511 2551 1604 2616 dein·

55 2137 117 2201 hus
145 2139 313 2222 promissis
340 2140 538 2220 impostores
565 2158 632 2198 non
662 2135 799 2196 defuere

55 2239 107 2302 rei
134 2260 227 2315 suae,
255 2252 288 2303 et
312 2260 373 2324 qua
394 2239 563 2322 pollebant
582 2237 615 2298 in
639 2235 801 2297 imitandis

56 2340 164 2403 numis
198 2340 364 2403 veteribus
394 2339 606 2414 dexteritate,
651 2337 801 2421 exempla

56 2462 122 2504 non
149 2462 250 2524 pauca
273 2441 323 2503 sui
351 2443 477 2525 operis,
503 2441 594 2505 velut
623 2460 664 2502 ex
690 2454 800 2503 terrae

55 2543 238 2606 visceribus
263 2555 369 2619 eruta,
408 2564 528 2608 venum
557 2540 726 2618 obtulere,
757 2553 802 2602 at·

57 2665 121 2726 que
149 2659 184 2706 ut
209 2643 330 2707 certius
359 2643 511 2705 fallerent
536 2643 701 2716 incautos,
727 2660 800 2703 ere

56 2744 179 2819 visum,
226 2743 402 2825 genuinum
439 2741 572 2805 alterius
612 2740 801 2822 imperantis

57 2857 154 2927 caput
178 2845 211 2905 in
228 2841 368 2906 Othonis
394 2862 450 2916 os,
475 2862 513 2905 ac
540 2841 664 2905 vultum
690 2838 802 2900 subtili

57 2945 196 3008 artilicio
218 2941 463 3007 transformare.
491 2941 569 3003 Fuit
585 2938 803 3024 ignominiosa

58 3047 140 3108 haee
179 3067 231 3107 ars
261 3044 411 3107 Othones
450 3062 567 3104 aereos
604 3037 803 3103 obtrudendi

55 3148 121 3229 jam
149 3147 209 3210 sub
234 3146 312 3228 ipsis
331 3147 382 3207 rei
406 3144 647 3206 numismatioae
671 3142 802 3205 incuua-

56 3248 143 3311 bulis
168 3246 330 3322 exercita,
351 3257 387 3307 et
407 3244 512 3307 satalia
529 3243 586 3318 iis,
615 3245 669 3327 qui
688 3243 739 3304 hia
760 3241 803 3304 ci·

57 3351 167 3414 meliis
206 3348 462 3413 delectabantur.
508 3345 639 3407 Etenim
676 3343 803 3405 Aeneas

58 3452 157 3520 Vicus
167 3449 368 3525 Parmensis,
383 3449 544 3510 Antonios
561 3446 638 3507 Piso
653 3440 803 3526 (lcPois)

58 3554 186 3629 Gallus,
236 3551 395 3614 Antonius
434 3549 634 3631 Augustinus
672 3544 805 3627 praesul

58 3653 329 3728 'l'arraconensis,
368 3651 423 3736 qui
447 3652 534 3714 circa
561 3646 685 3725 saeculi
713 3646 802 3712 xvt.

9 3731 22 3756 ⁰
57 3754 229 3842 dimidium
249 3754 377 3836 scriptis
398 3753 463 3814 suis
485 3751 689 3824 inclaruere,
717 3746 804 3808 frau-

56 3857 133 3920 dem
147 3857 211 3938 jam
229 3867 295 3916 tum
311 3854 440 3915 diditam
458 3852 672 3927 detexerunt,
688 3847 803 3912 memi-

52 3959 169 4041 nitque
197 3957 313 4017 horum
346 3970 529 4037 postremus
560 3955 689 4018 Ioannis
711 3951 802 4015 Cavi-

54 4062 90 4122 ni
112 4057 318 4134 Parmensis,
355 4079 505 4140 magnum
531 4058 571 4120 ab
595 4055 732 4117 infausta
762 4071 801 4114 ea

57 4160 192 4225 scientia
227 4180 346 4222 nomen
378 4158 497 4240 adepti.
544 4157 630 4219 Satis
661 4168 801 4232 constat,

57 4265 215 4347 deceptos
238 4261 352 4322 horona
377 4258 491 4324 fraude
520 4279 586 4320 non
610 4279 729 4341 paucos
755 4256 801 4317 in·

57 4366 159 4448 signis
189 4364 292 4426 lamae
322 4361 483 4436 eruditos,
521 4373 556 4422 et
583 4380 601 4421 a
628 4359 708 4422 siria
736 4360 803 4422 lau·

58 4465 149 4527 tioris
188 4464 354 4543 fortunae,
401 4483 483 4550 quos
521 4462 611 4524 inter
650 4460 804 4523 Carolum

96 4673 126 4738 a]
148 4670 220 4731 llist.
238 4689 316 4730 unm.
334 4689 451 4752 capet.
527 4676 561 4746 h)
583 4691 649 4749 pag.
665 4682 723 4731 tta.

858 2658 937 2721 ceps
965 2642 1086 2702 inserta
1109 2663 1239 2726 quoque
1269 2656 1318 2704 est
1342 2645 1494 2716 Tomol,
1524 2656 1603 2720 navi

859 2738 1020 2802 Thesauri
1049 2742 1144 2802 Rom.
1174 2744 1320 2827 antiquit.
1344 2746 1516 2831 Salengrii.
1564 2758 1604 2816 ln

858 2836 919 2900 hac
962 2840 1014 2903 vir
1056 2841 1202 2902 eruditus
1241 2846 1383 2927 probare
1424 2852 1603 2931 contendit,

857 2939 983 3001 nullum
994 2940 1125 3003 omnino
1136 2955 1264 3008 exstare
1275 2944 1442 3012 Othonem
1454 2971 1604 3033 aeneum,

861 3038 1016 3123 quivere
1041 3042 1190 3128 antiquus
1214 3046 1271 3125 sit,
1309 3050 1421 3133 etqui
1445 3051 1603 3120 hactenus
1646 3077 1652 3083 ·

859 3138 960 3204 oblati
979 3156 1063 3219 sunt,
1084 3163 1156 3208 esse
1174 3148 1312 3227 spurios,
1326 3163 1382 3213 aut
1397 3171 1438 3215 es
1452 3158 1601 3238 genuinis

859 3261 921 3325 per
936 3243 1083 3307 fraudem
1102 3246 1269 3319 confictos.

922 3345 1003 3407 Acri
1032 3345 1218 3413 Othoniano
1254 3350 1530 3434 indulgentiorem
1565 3381 1601 3423 so

860 3447 1010 3528 praebuit
1035 3449 1170 3511 Carolus
1191 3451 1323 3513 Patinus
1344 3454 1490 3519 medicus
1513 3460 1604 3521 Pari·

860 3547 993 3625 aiensis,
1031 3548 1086 3633 qui
1116 3569 1182 3611 non
1217 3550 1314 3615 modo
1344 3554 1511 3636 professus
1541 3575 1602 3634 est,

859 3670 925 3712 non
947 3669 1068 3732 paucos
1096 3663 1225 3713 exstare
1247 3651 1332 3727 aeris
1361 3656 1490 3719 sincere
1514 3673 1604 3722 vete·

860 3751 923 3826 ris,
955 3765 1050 3836 atque
1072 3774 1089 3814 a
1112 3771 1148 3814 aa
1171 3766 1382 3835 conspectos,
1412 3770 1447 3820 et
1468 3757 1502 3818 in
1523 3759 1605 3844 rigi·

859 3851 935 3912 dum
953 3871 1089 3914 examen
1107 3866 1239 3915 vocatos
1261 3856 1310 3933 ¹),
1340 3854 1400 3918 sed
1414 3857 1486 3940 ipse
1505 3861 1607 3923 etiam

859 3952 1045 4035 complures
1067 3954 1136 4027 eius
1156 3955 1289 4037 generis
1313 3957 1476 4022 inlunem
1499 3961 1609 4025 edidit

858 4075 932 4118 cam
961 4057 996 4117 in
1027 4056 1197 4119 Thesauro
1228 4060 1420 4124 Mauroceni
1441 4060 1488 4144 b),
1532 4075 1612 4124 turn

858 4156 981 4219 insuia
1011 4156 1243 4240 imperatorum
1272 4162 1395 4234 numia,
1426 4165 1618 4245 permovit·

860 4277 923 4342 que
946 4258 1146 4321 chiffletium
1176 4260 1299 4343 ipsum,
1338 4276 1373 4324 at
1402 4264 1435 4324 ln
1466 4266 1619 4345 gratiana

860 4379 933 4423 curn
955 4355 1230 4438 aoncis'Othqais
1259 4362 1364 4424 numia
1394 4365 1536 4440 rediret,
1573 4377 1632 4434 ut

859 4474 950 4544 patet
972 4480 1014 4525 ex
1031 4459 1195 4547 datalejus
1218 4463 1258 4527 ad
1281 4462 1431 4528 Patinurn
1455 4466 1639 4550 epistola,
