4012 5370
910 413 1078 488 NERO.

1693 453 1764 524 283

219 589 512 652 roremsecundom
530 583 695 649 conficere
711 578 845 662 licebit?
867 583 966 645 Dein·
1023 602 1102 667 prae
1112 582 1184 649 aliis
1193 587 1330 653 maxime
1346 589 1483 657 idoneus
1499 595 1568 679 ipse
1576 600 1700 668 Plinius
1715 604 1764 689 a),

218 692 260 755 sle
274 711 355 755 vero
367 690 464 753 etiam
483 686 625 750 Genium
640 687 793 766 Augusti
798 687 968 766 priosum?
1026 684 1160 748 Summo
1168 691 1284 773 (aeris)
1293 695 1407 773 glorio
1423 717 1510 758 nuno
1523 703 1559 760 in
1569 704 1765 771 Marianum

218 797 463 873 fflvercampus
488 790 520 849 in
540 786 697 851 similibus
714 785 841 848 literam
857 786 880 846 S
898 805 965 847 mo-

218 895 336 959 netarii
352 895 432 956 sitio
445 890 618 974 irrepsisse
636 886 762 950 censuit
783 889 831 967 ⁸),
848 905 963 950 verum

218 997 305 1062 obvii
325 1009 399 1058 sunt
416 993 449 1053 hi
468 992 557 1054 numi
578 992 641 1053 hoc
658 989 822 1051 elemento
843 985 962 1062 notati,

218 1114 253 1161 ut
284 1097 368 1160 adeo
400 1096 504 1157 omnis
533 1096 640 1174 lapsos
669 1087 809 1172 suspicio
848 1088 964 1170 procul

219 1199 310 1264 sbsit.
356 1199 437 1260 Cum
468 1195 568 1278 igitur
596 1191 782 1266 videamus,
820 1189 876 1252 has
904 1209 962 1252 no·

220 1316 266 1364 tas
282 1312 450 1363 constante
468 1298 545 1379 lege
566 1295 660 1380 sequi
678 1293 831 1358 volumen
850 1311 963 1354 numo·

220 1424 310 1475 rom,
333 1400 466 1463 dubium
489 1419 565 1459 sane
588 1418 652 1458 non
675 1407 742 1473 est,
765 1395 804 1456 iis
825 1392 963 1457 indicari

220 1502 363 1588 pondus,
392 1515 446 1563 aot
469 1501 576 1563 verius
598 1499 760 1574 valorem,
791 1497 837 1560 aio
858 1510 893 1559 ut
915 1517 964 1559 se·

219 1603 361 1668 cundum
380 1617 527 1665 veterem
547 1620 692 1662 normam
715 1611 865 1662 monetae
879 1611 961 1660 stan·

219 1721 250 1770 tc
285 1726 357 1788 rep.
386 1705 528 1786 signatae
561 1716 638 1764 nota
659 1705 698 1765 11.
727 1701 849 1763 indicet
875 1719 962 1761 asses

221 1808 319 1885 duos,
349 1810 373 1867 1.
397 1826 513 1880 unum,
542 1818 575 1867 et
598 1804 619 1865 S
643 1803 821 1865 semissem.
863 1798 963 1869 Vide·

220 1924 272 1973 tur
289 1907 445 1993 judicium
459 1926 566 1969 meum
582 1904 775 1968 confirmare
793 1901 962 1985 Epictetus

221 2009 304 2095 apud
336 2010 510 2071 Arrianum
533 2007 584 2086 ¹2),
620 2007 711 2089 cajus
742 2005 843 2068 verba
873 2017 962 2065 sunta

219 2135 288 2173 reso
301 2107 314 2171 i
317 2133 366 2194 χει
386 2133 435 2170 τον
454 2131 633 2193 goessenee
654 2128 726 2168 suro
742 2128 777 2166 oo
793 2123 965 2183 omencou-

220 2234 284 2293 (ους
312 2210 463 2291 Napaeae.
512 2210 619 2292 Quom
653 2210 751 2270 leobet
774 2219 887 2268 notrum
910 2204 965 2265 ln'o

219 2331 366 2395 quotuor
382 2317 508 2373 ossium
525 2314 668 2372 nomos?
688 2308 840 2374 Neronis.
880 2303 964 2367 Satis

220 2430 312 2480 recte
330 2414 479 2498 procedit
494 2412 673 2495 proportio.
714 2411 749 2471 Si
772 2410 891 2472 S.1.11.
908 2424 965 2467 no·

220 2532 288 2582 tant
306 2518 492 2592 semissem,
508 2535 611 2577 assem
630 2534 745 2588 unum,
769 2510 869 2586 duos,
896 2523 964 2571 tum

221 2619 411 2682 nomismata
441 2630 641 2690 tetrasemo,
675 2635 733 2679 seu
765 2614 822 2681 lv.
847 2611 965 2675 assium

222 2722 375 2805 Epicteto
397 2730 574 2780 memorata
596 2729 691 2778 erunt
714 2714 803 2776 nomi
821 2714 860 2789 ii,
884 2733 965 2797 quos

222 2843 342 2886 senece
358 2826 381 2882 l.
400 2820 524 2881 formae
544 2838 705 2881 vocamus.
736 2817 822 2878 Sane
841 2815 965 2876 institu-

221 2937 256 2986 to
274 2947 291 2986 a
309 2944 361 2985 mc
376 2943 439 3005 ope
459 2921 594 2982 bilancis
613 2918 761 2980 examine
781 2915 965 3000 deprehen·

222 3025 271 3100 di,
309 3025 403 3085 binos
432 3044 504 3086 cum
534 3034 608 3081 uota
635 3023 675 3084 11.
703 3019 798 3080 simul
820 3029 964 3099 sumptos

222 3125 369 3207 ejusdem
386 3125 458 3187 sere
476 3144 547 3185 esse
564 3119 729 3203 ponderis,
748 3139 817 3204 quo
827 3139 964 3183 aeneum

223 3227 362 3289 Neronis
375 3229 399 3286 1.
421 3226 555 3288 formae.

286 3331 352 3391 lam
375 3327 523 3410 proxime
547 3327 661 3408 praelo
683 3320 883 3403 subjicienda
903 3320 966 3383 suit

221 3431 303 3493 haec
336 3429 467 3513 pagina,
510 3448 582 3490 cum
617 3425 746 3487 tandem
779 3421 820 3484 ad
851 3443 964 3484 manus

220 3552 310 3594 meas
341 3529 491 3614 pervenit
524 3549 604 3609 opos
625 3527 761 3587 Ioannis
782 3526 964 3587 Pinierton

220 3632 364 3696 Loudini
389 3650 473 3693 anno
495 3630 573 3708 1789
598 3627 781 3710 volgatum,
811 3625 864 3688 cui
890 3625 964 3686 titu-

222 3734 289 3796 lus:
303 3736 362 3796 An
375 3735 484 3812 Essoy
497 3752 538 3790 on
555 3731 698 3792 Medols.
722 3729 757 3786 ln
776 3727 871 3808 hujus
888 3746 965 3808 ope·

223 3837 268 3897 ris
286 3849 376 3918 parta
393 3831 522 3915 priore,
552 3848 615 3910 quo
633 3826 707 3889 loco
725 3840 890 3889 monetam
913 3846 964 3888 ac·

221 3958 316 4000 neam
330 3948 478 3999 veterum
493 3931 526 3991 in
542 3948 677 3992 examen
695 3942 803 4004 vocat,
822 3928 962 4011 probare

221 4039 319 4100 etism
337 4033 504 4100 contendit
528 4037 574 4113 c),
596 4031 780 4094 sestertium
802 4030 886 4115 apud
899 4032 965 4092 Ro·

220 4160 332 4201 manos
355 4157 422 4199 non
443 4133 542 4195 modo
563 4146 752 4215 argenteam
774 4131 873 4194 fuisse
898 4153 966 4193 mo·

223 4255 346 4313 oetam,
374 4236 434 4301 sed
457 4227 590 4299 aeneam
608 4253 748 4318 quoque.
792 4232 899 4296 Testis
917 4233 967 4293 illi

1022 807 1196 866 converso,
1231 796 1319 871 quod
1342 806 1375 855 et
1404 797 1611 867 Cordubense
1633 810 1768 875 dieitur.

1023 886 1096 948 Hoc
1109 908 1130 948 o
1145 890 1287 953 Liviono
1304 901 1468 964 codmiom
1483 908 1630 967 monime
1642 910 1768 986 sorbet,

1022 1000 1056 1048 et
1070 991 1259 1054 aurichalci
1272 996 1452 1062 bonitatem
1469 1006 1626 1066 imitetur
1644 1011 1680 1070 in
1698 1008 1766 1072 SE·

1024 1086 1238 1154 STERTIIS
1254 1138 1263 1170 ,
1299 1099 1766 1190 DVPONDIARIISQVE,

1024 1189 1143 1269 Cyprio
1180 1215 1240 1255 suo
1267 1201 1398 1263 ossibus
1427 1209 1600 1267 contentis.
1661 1210 1765 1274 Recte

1020 1289 1161 1368 isthaec,
1210 1294 1308 1359 modo
1347 1321 1414 1363 non
1454 1306 1616 1387 praelatus
1661 1324 1765 1387 esset,

1021 1392 1198 1476 scriptores
1214 1417 1545 1469 numerumveterum
1563 1428 1675 1471 omnes
1690 1410 1767 1475 inde

994 1497 998 1503 ’
1022 1493 1189 1558 aBudsco
1208 1511 1243 1559 et
1262 1500 1347 1566 Vico
1369 1526 1471 1589 usque
1500 1507 1648 1573 adhunc
1678 1511 1767 1576 diem

1020 1594 1082 1658 sibi
1095 1600 1312 1678 persuasisse,
1331 1611 1528 1684 sestertium,
1544 1624 1579 1671 ut
1598 1611 1702 1690 initio,
1718 1616 1765 1680 sic

1021 1696 1176 1782 deinceps
1207 1722 1336 1786 quoque
1367 1727 1500 1793 semper
1526 1710 1626 1774 luisse
1649 1736 1767 1798 argen-

1021 1811 1119 1863 teum.
1154 1801 1218 1892 Qui
1237 1802 1333 1881 istud,
1354 1809 1482 1889 quando
1497 1811 1562 1892 jam
1577 1813 1766 1880 Haeduinus

1020 1900 1054 1961 in
1078 1901 1144 1964 suis
1172 1901 1213 1964 ad
1233 1904 1320 1969 hunc
1340 1908 1438 1970 Plinii
1457 1912 1567 1974 locum
1587 1913 1768 1981 observatis

1021 2003 1189 2065 sestertios
1206 2024 1326 2068 aeneos
1344 2012 1513 2091 agnoseit?
1529 2027 1625 2098 atque
1645 2038 1703 2079 eos
1723 2039 1766 2081 ex

1020 2102 1137 2165 iisdem
1162 2104 1322 2184 fontibus,
1352 2131 1432 2194 quos
1461 2113 1569 2176 laudat
1596 2117 1769 2184 Pinlscrto·

1020 2225 1097 2281 nos,
1119 2209 1251 2289 agnovit
1265 2209 1307 2273 cl.
1327 2212 1442 2296 Dupuy
1458 2214 1572 2278 Gallus
1585 2216 1625 2280 de
1646 2219 1765 2282 ecdem

1021 2322 1212 2388 argumento
1238 2312 1389 2395 copiose,
1417 2336 1454 2378 ac
1475 2316 1638 2381 subtiliter
1659 2319 1769 2403 ‹lispu-

988 2408 1090 2468 ·‘tans
1111 2409 1162 2488 ⁰)?
1184 2409 1271 2500 Quid
1288 2413 1375 2496 quod
1390 2414 1459 2496 ipse
1477 2417 1528 2482 vir
1545 2418 1693 2485 eruditus
1714 2421 1768 2484 ad·

1021 2505 1110 2570 ducit
1133 2511 1233 2574 rerba
1256 2514 1405 2578 Salmasii
1424 2520 1611 2584 sestertium
1632 2543 1767 2588 aereum

1022 2613 1232 2676 memorantis
1252 2613 1303 2698 st?

1085 2714 1151 2774 Iam
1171 2735 1251 2778 sero
1268 2730 1381 2782 auctor
1399 2720 1494 2784 aenei
1511 2723 1606 2807 hujus
1621 2727 1767 2789 sestertii

1021 2812 1168 2899 valorem
1193 2837 1339 2900 quoqne,
1369 2822 1557 2905 suspendas
1580 2824 1764 2909 investigat.

1021 2914 1073 2974 Ex
1105 2914 1188 2977 lulio
1216 2916 1390 2995 Africano,
1431 2935 1465 2982 et
1493 2924 1629 2987 Herone
1660 2927 1767 3002 eruit,

1022 3036 1169 3096 numam,
1201 3039 1260 3081 seu
1281 3021 1466 3083 sestertium
1487 3022 1684 3106 adpendisse
1706 3050 1765 3089 un·

1022 3117 1114 3181 ciam.
1158 3119 1202 3180 Δῑ
1232 3139 1312 3183 vero
1333 3120 1397 3185 hoc
1426 3125 1574 3207 pondere
1603 3147 1765 3193 essenon

1022 3219 1167 3302 potuisse
1205 3242 1338 3284 numum
1372 3239 1581 3309 argenteum,
1625 3231 1684 3293 sed
1714 3252 1767 3295 ae·

1021 3341 1130 3387 neum.
1166 3320 1387 3407 Atque'aenei
1403 3330 1426 3387 1.
1445 3327 1572 3391 formae
1593 3329 1768 3414 imperato·

1021 3442 1094 3484 rum
1115 3444 1227 3487 omnes
1254 3425 1440 3508 adpenduut
1461 3428 1605 3507 unciam,
1633 3451 1714 3513 ergo
1732 3433 1767 3494 lsi

1022 3536 1096 3584 sunt
1125 3524 1218 3587 aenei
1256 3527 1398 3590 sestertii
1427 3548 1446 3588 a
1474 3527 1586 3590 Plinio
1619 3530 1764 3597 indicati.

1020 3625 1112 3687 Haec
1133 3625 1191 3686 ille
1212 3624 1321 3689 addito
1350 3626 1485 3709 insuper
1507 3628 1548 3719 Q.
1571 3630 1611 3694 Ε.
1635 3632 1676 3695 Ι).
1720 3633 1765 3694 At

1020 3737 1094 3787 sont
1111 3726 1284 3803 nonnulla,
1306 3747 1388 3812 quae
1410 3727 1485 3790 huic
1501 3729 1626 3812 possint
1646 3730 1766 3795 doctri·

1019 3846 1080 3888 nee
1107 3823 1283 3892 adversari.
1328 3826 1489 3921 Quoniam
1519 3830 1617 3892 Plinii
1639 3846 1764 3912 aetate,

1021 3937 1056 3987 ot
1078 3924 1297 3992 interamnae
1321 3943 1464 4007 constat,
1499 3954 1533 3994 aa
1558 3933 1598 3996 ad
1623 3935 1764 3999 mediam

1022 4027 1149 4089 nnciam
1173 4030 1324 4094 redactos
1341 4029 1418 4109 init,
1441 4035 1610 4098 sestertius
1634 4056 1767 4115 aeneus,

1023 4150 1083 4191 seu
1100 4150 1215 4192 numus
1232 4132 1255 4194 1.
1274 4131 1418 4210 formae,
1437 4136 1510 4218 quia
1536 4137 1590 4203 Ν.
1610 4158 1696 4200 asses
1714 4159 1767 4202 ve·

1023 4231 1127 4310 lebat,
1157 4231 1344 4318 adpendere
1371 4233 1535 4299 debuisset
1551 4237 1659 4301 uncias
1676 4237 1766 4315 duas,

218 4506 356 4610 ‘ond
371 4533 829 4610 Morelliilrnpp.'Uip-129.
903 4528 1128 4600 b)L.1v.c.s.
1203 4534 1391 4609 &pag-106·
1465 4531 1766 4608 ‹DLXXXNM

222 4623 761 4700 e)nen.o.t.r.xxv111.p.om.
847 4621 1029 4698 Opsgntt·
1686 4669 1689 4680 ,

1332 4672 1338 4684 ¹
1416 4709 1532 4774 Nur
