3998 5340
234 456 307 536 506
922 433 1092 510 OTHO.

371 618 418 682 ll.
437 609 577 678 OTHO.
602 608 785 674 CAESAR.
808 606 912 676 AVG.
934 607 974 674 P.
1031 604 1108 668 dem
1128 600 1324 688 perducere.
1356 602 1468 671 Forte
1487 606 1538 671 ola
1558 608 1716 677 eandem
1730 612 1808 677 bane

368 720 415 782 ll.
432 718 501 776 Tit.
518 715 556 778 Ρ.
570 714 656 773 tatt’.
669 710 707 774 P.
725 709 764 774 P.
791 710 898 791 Caput
916 731 975 771 nu·
1030 728 1160 770 causam
1185 706 1332 769 eruditus
1350 704 1384 771 la
1402 710 1502 774 Beau
1518 714 1739 795 postea-ioris
1755 716 1808 779 h.

373 822 462 883 dum.
1031 810 1083 891 jus
1099 810 1280 871 sententiaa
1292 823 1410 873 auctor
1425 826 1626 901 uta-unaque
1643 816 1736 881 lanne
1752 838 1805 879 nn·

227 924 317 990 ttae.
328 925 368 985 Τ.
381 920 504 984 CAES.
518 913 755 985 mvltesv.
771 912 810 975 F.
826 912 975 978 AVG.··
1032 931 1121 972 mum
1144 909 1412 974 dissimulandum
1439 910 1544 977 duait
1568 916 1609 979 in
1636 916 1802 1003 locuplete

226 1031 266 1090 in
285 1027 393 1088 medio
423 1022 457 1085 S.
488 1018 678 1082 c.a13.11.
711 1016 811 1097 (llus.
837 1014 973 1075 Farnea.
1030 1015 1196 1095 catalogo,
1232 1013 1267 1073 in
1298 1033 1363 1095 quo
1391 1033 1514 1079 omnes
1547 1018 1799 1085 restitutione·

225 1129 321 1194 Tem.
338 1126 425 1195 vltt.
447 1122 578 1205 p.3r7.)
1030 1134 1146 1175 numos
1168 1114 1283 1177 recitat
1300 1118 1341 1197 ⁸).
1375 1114 1446 1178 Sed
1474 1115 1520 1181 de
1553 1120 1723 1186 similinus
1744 1146 1796 1185 a.

364 1225 453 1287 lllP.
497 1217 635 1284 OTHO.
672 1216 854 1280 CAESAR.
900 1215 975 1281 AV·
1032 1236 1160 1280 morum
1195 1229 1309 1279 natura
1335 1218 1445 1302 ample
1481 1220 1625 1303 egimus
1662 1224 1737 1291 Vol.
1754 1224 1790 1289 V.

363 1323 491 1389 GVST.
511 1323 581 1385 Tit.
600 1320 638 1381 Ρ.
659 1320 767 1396 Caput
783 1320 917 1379 nudum.
1031 1318 1218 1382 intractata
1242 1317 1285 1381 de
1306 1318 1412 1381 numia
1427 1320 1704 1387 restitutionum.
1740 1326 1792 1389 Cr·

225 1429 313 1490 tttP.
326 1424 468 1489 TITVS.
477 1421 578 1489 Ave.
588 1420 759 1481 RESTl'l'.
780 1418 904 1499 Figura
915 1419 975 1477 mi·
1031 1433 1139 1482 terum
1163 1421 1253 1483 numi
1275 1420 1395 1503 prioris
1415 1418 1502 1485 fides
1526 1443 1575 1486 eo
1604 1424 1708 1491 valde
1729 1448 1791 1491 aaa·

224 1532 345 1593 literis
360 1540 454 1589 stans
469 1524 619 1599 delata,
636 1520 817 1582 s.}anstum.
849 1520 972 1583 AE.ll.
1030 1535 1210 1604 poetricae,
1239 1520 1328 1606 quod
1347 1526 1460 1599 patris
1486 1528 1785 1605 pectinatim..

224 1628 374 1715 (Metelli
390 1632 493 1712 lmpp.
507 1628 591 1689 atus.
611 1623 774 1704 d'Ennery
790 1643 823 1705 p.
833 1622 924 1701 ὅθι.)
1028 1622 1190 1707 adjungit,
1215 1644 1314 1708 quem
1333 1621 1547 1709 illiusquam
1566 1626 1679 1695 l'uiase
1703 1630 1784 1695 dela·

289 1733 386 1796 Prior
399 1751 516 1794 numus
526 1749 591 1791 non
601 1724 869 1790 modoPedrusio
880 1742 972 1806 prae·
1027 1737 1113 1798 tum,
1133 1724 1260 1788 nullum
1275 1725 1430 1789 liabenana
1442 1726 1693 1795 testimoninm.

224 1836 317 1913 coni,
348 1832 527 1898 sedetiam
552 1828 701 1893 omnibus
719 1828 844 1910 primae
865 1825 970 1890 lamae
1092 1826 1426 1892 Animadvertendum
1451 1825 1620 1913 denique,
1658 1848 1780 1899 eratne

222 1941 257 2002 in
280 1936 362 2000 urbe
385 1931 591 2016 antiquariis,
631 1949 769 2014 quoa-una
797 1929 825 1991 is
852 1926 972 1991 exami-
1027 1951 1145 2014 parvos
1177 1950 1299 1993 seneca
1322 1928 1464 1993 Othonia
1486 1950 1565 1993 cuau
1596 1932 1778 2023 inscripsi*

222 2041 257 2104 ni
273 2058 406 2101 numum
424 2035 529 2117 ipsum
548 2032 701 2113 subjecit,
731 2032 877 2093 sincerae
894 2048 971 2093 esse
1027 2031 1122 2094 nibus
1140 2044 1174 2095 et
1196 2031 1298 2117 typis,
1324 2028 1438 2116 qualea
1456 2030 1613 2099 inaurea
1637 2038 1728 2121 eju,
1745 2052 1776 2103 sa

223 2139 417 2225 antiquitatis
433 2136 521 2201 visus
540 2146 600 2195 est.
628 2134 743 2214 Neque
757 2132 853 2194 aliter
868 2131 969 2192 sensit
1027 2147 1183 2216 argentea
1219 2144 1350 2195 moneta
1387 2147 1596 2215 spectantur,
1641 2160 1773 2225 quom

220 2238 455 2307 Mediobarbua
489 2233 639 2310 ἅποπτης
674 2235 707 2294 in
739 2246 816 2295 nota
847 2232 890 2296 ad
911 2253 969 2293 nu·
1025 2234 1200 2299 nonnullos
1235 2232 1381 2298 laudatus
1405 2230 1595 2301 Claiilletiua
1622 2238 1775 2307 desedit

220 2365 292 2407 mos
317 2337 459 2404 Othonia
487 2337 625 2419 catalogi
648 2335 698 2397 sui
717 2356 790 2419 paq.
809 2334 879 2398 103.
922 2334 968 2395 Hi
1024 2336 1057 2398 in
1076 2335 1303 2399 dissertatione
1325 2333 1421 2399 citata
1442 2331 1486 2419 b).
1524 2337 1591 2417 Hi,
1628 2358 1705 2409 utut
1722 2364 1772 2431 pa·

220 2444 327 2520 numi,
359 2442 388 2503 si
418 2458 497 2503 vere
525 2452 615 2513 sunt,
653 2451 688 2499 ut
715 2435 879 2511 creditur,
913 2456 967 2496 an·
1024 2438 1134 2514 nuini,
1172 2457 1306 2500 aeneam
1337 2434 1480 2501 Othonia
1509 2456 1683 2511 monetans
1710 2466 1770 2509 m

220 2545 321 2631 tiqui,
351 2543 488 2604 multum
517 2538 686 2601 molestiae
715 2537 879 2600 lacessunt
908 2538 966 2615 iis,
1027 2541 1208 2618 stabiliunt,
1229 2560 1344 2603 verum
1361 2551 1451 2615 aunt,
1478 2540 1689 2611 utririden
1706 2566 1772 2611 sn-

220 2650 416 2733 inquorum
441 2641 601 2706 sententia
625 2640 818 2705 vocabulum
841 2640 968 2702 RES'P.
1027 2643 1112 2706 ditus
1131 2642 1195 2725 jam
1213 2640 1355 2717 monuit,
1376 2640 1772 2719 aninaaaulsaanrom.

220 2753 254 2813 in
273 2749 343 2833 ejus
357 2749 488 2831 generis
502 2744 608 2806 numia
627 2765 760 2805 numum
776 2747 969 2805 restitutum
1027 2765 1109 2830 qnae
1137 2757 1323 2827 argenteam
1347 2742 1535 2827 pelliculam
1552 2746 1773 2829 penirnni.

220 2866 331 2931 notnt;
370 2871 442 2914 nam
473 2846 550 2910 inde
578 2859 633 2909 aut
663 2858 884 2929 consequetur
915 2866 971 2907 ne·
1027 2866 1120 2922 acre,
1143 2848 1254 2930 quales
1277 2844 1430 2929 copiosos
1447 2842 1618 2911 invutero
1637 2864 1773 2915 ιοιιοιε.

223 2952 387 3027 cessario,
411 2951 574 3014 exstitisse
591 2969 725 3011 aeneam
742 2948 883 3009 Othonia
903 2966 971 3009 mo-
1028 2958 1062 3011 et
1084 2945 1204 3031 passim
1224 2946 1258 3008 iu
1279 2948 1515 3033 imperatorum
1544 2950 1660 3015 numia
1682 2950 1774 3017 hie·

222 3070 352 3126 netarn,
382 3050 561 3113 secundum
591 3050 683 3129 cujus
716 3049 885 3128 exemplar
914 3048 970 3109 Τί·
1027 3070 1109 3113 mua.

221 3170 273 3218 tua
289 3164 480 3235 praesentes
498 3170 614 3212 numos
637 3147 806 3210 feriandus
827 3150 968 3225 curavit,

220 3269 256 3320 et
289 3268 356 3316 tuan
379 3252 533 3315 fallentur
564 3250 605 3325 ii,
636 3250 706 3333 qui,
735 3262 772 3311 ut
797 3246 881 3324 dixi,
910 3270 967 3311 ne·
1205 3232 1591 3299 Numirestilutionema.

220 3371 313 3443 gant,
354 3358 478 3420 Romae
517 3372 652 3417 aeneam
683 3350 824 3413 Othonis
856 3370 967 3413 mone-
1087 3351 1192 3428 Vide,
1226 3372 1308 3437 quae
1337 3351 1380 3417 dc
1403 3350 1456 3418 laia
1479 3354 1642 3421 continuo
1670 3358 1771 3429 altius.

217 3475 283 3523 tam
313 3458 413 3522 luisse
443 3458 620 3542 signatam,
650 3467 705 3516 aut
733 3470 870 3513 necesse
901 3452 966 3514 erit
1023 3474 1091 3523 rum
1123 3469 1158 3520 et
1178 3454 1212 3517 in
1232 3468 1371 3521 anema
1391 3454 1434 3521 (10
1456 3452 1507 3520 hi.
1528 3458 1642 3525 mi,
1664 3460 1772 3525 ὼ,

220 3560 389 3635 conliteri.
412 3561 540 3634 Titum,
573 3557 720 3640 aliosque
742 3554 773 3614 in
792 3554 966 3616 restituen·
1026 3559 1178 3625 ravimus.

216 3666 267 3727 dia
300 3662 405 3725 numia
439 3681 503 3722 non
536 3680 667 3743 semper
701 3670 824 3719 certum
855 3656 965 3740 legem

217 3765 319 3829 luisse
337 3776 478 3826 secutos.
501 3763 626 3828 Verum
642 3760 667 3821 ii
681 3778 826 3845 quoque,
844 3760 900 3842 qui
911 3779 966 3821 ro·
1151 3738 1253 3805 Numi
1268 3745 1443 3806 commotis
1453 3746 1638 3825 peregrini.

217 3866 369 3933 nabulum
395 3865 522 3925 ltEST.
542 3864 583 3925 ad
609 3862 757 3926 restituta
779 3879 880 3942 opera
908 3881 964 3942 pu·
1083 3859 1188 3926 Taciti
1196 3860 1297 3927 verba
1308 3875 1384 3926 aunt
1397 3862 1442 3945 c):
1468 3862 1767 3949 Longinqmm

217 3970 303 4033 blica
327 3965 496 4040 referunt,
523 3984 590 4025 non
616 3983 730 4047 parum
751 3961 963 4038 laborabunt,
1019 3966 1160 4040 vinciae,
1180 3976 1215 4025 et
1228 3966 1389 4043 quidquid
1400 3982 1567 4037 armornm
1580 3972 1676 4031 nturi
1689 3968 1767 4031 etat.

217 4092 292 4137 cum
323 4068 481 4153 expedire
517 4086 574 4128 ecs
605 4064 755 4147 jusseris,
790 4062 963 4147 qualenam
1018 4067 1139 4140 mitur,
1161 4084 1264 4145 penes
1291 4064 1453 4127 Othonem
1473 4062 1674 4141 mumma.
1703 4086 1765 4129 aaa

215 4196 298 4259 opus
315 4173 480 4257 publicum
491 4167 579 4230 Otlto
595 4167 678 4229 intra
690 4164 844 4247 exignum
861 4165 959 4228 triurn
1014 4168 1164 4248 portium
1176 4168 1300 4239 studio,
1317 4167 1379 4229 aed
1392 4162 1606 4245 emigrando
1622 4184 1766 4227 moma-

97 4322 102 4331 -
214 4278 375 4343 anensium
398 4272 552 4357 spatium,
575 4283 671 4354 atque
689 4265 776 4329 istud
799 4266 863 4348 jam
882 4266 960 4331 inde
1018 4281 1088 4331 tum
1104 4271 1285 4332 innornine
1299 4268 1403 4343 urbia,
1425 4270 1661 4345 nepreelestaa
1674 4284 1766 4325 aeas·

216 4380 416 4464 aprincipio
450 4374 579 4437 bellicis
616 4368 756 4433 motibus
793 4366 958 4431 turbidum
1002 4381 1081 4444 tua,
1096 4381 1129 4432 et
1140 4382 1356 4451 occupaverat
1369 4360 1598 4439 aatmosprtor
1614 4362 1764 4423 eraditur.

216 4480 360 4563 potuerit
388 4477 582 4561 concipere,
619 4474 740 4537 nedum
766 4468 806 4533 ad
830 4469 958 4532 coroni·
1016 4470 1383 4535 laadnicemaxercitena
1394 4454 1767 4547 Vespasium-Syrias

221 4586 1770 4643 ΨΜ

252 4700 283 4751 at
304 4690 389 4746 ilem.
407 4690 437 4745 ll.
453 4688 482 4743 l..
502 4688 586 4743 Tum.
599 4686 702 4749 un.
776 4685 812 4739 bl
832 4682 961 4759 Cale.
1036 4684 1069 4751 a)
1089 4680 1251 4745 ilist.l.t·⁶.
