4012 5370
218 504 287 575 tw

833 472 1171 552 AVGVSTVS.

221 658 320 727 Numi
343 660 368 725 Ι.
389 666 423 719 et
441 650 483 715 11.
507 664 584 734 typo
605 648 776 732 Sphingis,
803 662 838 712 et
861 646 964 731 capri·
1022 647 1150 732 capite,
1171 657 1227 710 aut
1252 641 1433 731 epigraphe
1458 656 1593 712 monem
1615 644 1764 711 deneaiu

218 765 314 828 corni
348 758 533 840 Augustum
574 750 723 837 proximo
761 749 963 834 contingunt.
1021 750 1104 813 urbe
1135 749 1259 835 signata
1285 768 1353 811 non
1382 760 1451 825 est,
1480 761 1518 810 nt
1538 746 1574 811 in
1595 746 1691 833 hujus
1710 770 1768 813 nu·

192 866 345 931 ‚Lectus
381 857 482 942 igitur
516 866 567 916 est
595 852 636 915 ab
665 850 798 915 urbibus
829 852 964 915 Graecis

220 966 260 1031 sd
285 959 475 1046 captandam
499 953 656 1040 principis
684 953 964 1028 benevolentiam,

221 1087 318 1153 mam
344 1062 387 1125 ob
415 1079 543 1123 causam
569 1054 609 1117 ab
637 1054 707 1136 ejus
727 1076 858 1139 quoque
884 1068 969 1116 aeta·

221 1167 264 1241 tis
282 1164 461 1236 Thraciae,
484 1161 736 1239 Commagenes,
761 1169 795 1217 et
814 1157 967 1219 Parthiae

221 1267 358 1351 regibus
412 1260 626 1345 capricornus
666 1270 818 1320 monetae
860 1258 969 1318 illatus

115 1354 122 1365 ’
223 1382 284 1435 est.
328 1364 457 1428 Eodem
486 1360 550 1423 fine
574 1357 713 1441 Augusti
734 1358 903 1441 praeclara
924 1359 970 1420 sa.

222 1484 294 1546 eta,
323 1486 405 1550 quae
437 1464 472 1523 in
499 1460 635 1544 reliquis
656 1458 763 1521 numis
783 1480 971 1544 proponun.

221 1586 294 1648 tur,
318 1568 418 1631 urbes
441 1564 587 1627 Graecae
606 1562 798 1644 signavere,
824 1582 861 1624 sc
878 1584 971 1647 prae.

223 1673 320 1756 cipue
341 1667 564 1749 famigeratam
588 1662 677 1725 illam
705 1662 872 1745 signorum
893 1664 971 1726 Par·

222 1774 386 1836 thicorum
403 1765 667 1836 restitutionem,
683 1764 771 1847 quod
791 1765 892 1827 nolim
909 1786 970 1847 por

224 1874 448 1957 conjecturam
488 1879 611 1928 tantum
653 1865 821 1927 adsertam
858 1864 969 1947 credi,

107 2014 110 2019 ·
224 1998 300 2040 nam
328 1993 425 2057 supra
452 1969 540 2031 inter
561 1988 677 2030 numos
699 1966 843 2030 Graecos
865 1966 972 2030 incer-

225 2091 333 2141 tarum
360 2072 490 2135 urbium
518 2069 664 2152 pagias
688 2090 821 2133 numum
855 2068 970 2131 similis

226 2175 411 2261 argumenti
425 2172 559 2258 protuli.

167 2260 176 2273 ⁸
293 2281 368 2338 lure
381 2294 464 2355 ergo
482 2274 563 2333 hanc
579 2270 658 2331 mibi
675 2270 790 2335 videor
801 2291 898 2354 posse
911 2283 973 2333 sta·

229 2379 326 2442 bilire
350 2377 477 2458 legent,
497 2387 673 2456 argenteos
695 2362 826 2435 maximi
848 2372 974 2434 moduli

230 2484 265 2542 in
287 2477 368 2539 urbe
392 2474 535 2558 signatos
556 2496 622 2536 non
645 2494 736 2550 esse,
764 2487 900 2555 argento
923 2494 973 2535 so·

230 2582 272 2644 lis
294 2575 453 2652 denariis,
484 2590 517 2639 et
539 2573 694 2659 quinariis
724 2589 897 2652 contento,
927 2575 974 2637 sie

142 2680 148 2693 ’
230 2697 267 2746 st
289 2682 315 2744 si
339 2678 394 2764 qui
422 2677 541 2760 justum
569 2676 695 2739 denarii
721 2676 848 2760 pondus
879 2697 976 2740 exce·

232 2784 330 2859 dunt,
360 2800 426 2841 non
457 2800 596 2855 verear,
630 2779 664 2841 iu
694 2779 870 2863 peregrina
899 2780 975 2842 illos

232 2898 362 2949 moneta
393 2895 527 2965 putare,
556 2895 652 2965 atque
681 2881 769 2944 istud
790 2900 855 2941 non
877 2880 976 2943 modo

232 2987 440 3052 observatum
468 2983 639 3067 superiore
669 2983 903 3067 imperatorum
925 3004 979 3046 ac·

231 3111 275 3154 vo
310 3091 398 3168 (nam
431 3106 512 3148 aero
545 3084 703 3147 inferiore
735 3086 798 3148 alia
826 3098 976 3148 monetae

232 3193 399 3253 Romanae
421 3187 505 3248 ratio
527 3185 642 3265 valuit)
672 3184 732 3248 sed
755 3187 852 3249 etiam
874 3200 977 3249 stante

232 3289 424 3374 republica,
451 3299 488 3347 ut
509 3284 621 3346 monui
641 3284 675 3345 in
696 3299 836 3350 tractatu
858 3285 899 3348 dc
921 3309 979 3347 nu-

234 3393 297 3481 mis
330 3388 555 3453 consularibus
584 3387 690 3470 capite
717 3388 774 3452 VI.
824 3389 869 3449 Et
901 3407 982 3450 vero

236 3491 513 3557 tetradracltmum
559 3509 691 3572 semper
726 3501 797 3549 tum
835 3501 982 3551 exteram

236 3608 400 3657 monetam
418 3593 518 3655 fuisse
538 3589 693 3666 habitum,
710 3588 809 3653 docet
825 3589 981 3659 Volusius

237 3699 442 3759 Maecianus:
464 3696 676 3756 Victoriolas
690 3695 981 3755 nunctuntundens

232 3799 350 3870 ualet,
375 3808 534 3876 quantum
558 3797 734 3872 quinarius
751 3795 851 3871 olim,
877 3806 911 3856 et
927 3814 985 3877 pc·

239 3900 393 3979 tegrimus
421 3914 541 3955 numus
571 3896 645 3956 loco
667 3897 805 3973 mercis,
833 3908 871 3957 ut
896 3916 984 3957 nunc

243 3995 698 4063 TETRADRACHMVM
731 4008 766 4058 et
799 3997 985 4063 DRACH·

241 4100 343 4176 MA,
362 4097 558 4159 habebatur.

608 4177 626 4214 0

503 4224 522 4261 st
710 4224 729 4263 1

303 4300 408 4366 Numi
428 4299 533 4359 aenei.
575 4297 627 4358 De
652 4309 783 4359 moneta
805 4319 906 4362 aenea
926 4299 985 4361 hu·

240 4402 291 4484 jes
308 4403 419 4466 aetatis
439 4400 520 4463 baec
537 4418 578 4460 cx
601 4397 706 4459 nnmis
724 4397 803 4481 ipsis
823 4402 984 4483 comperi·

241 4525 326 4570 mus.
367 4508 550 4588 Imperante
573 4502 599 4564 1.
621 4500 760 4563 Caesare
790 4521 864 4564 cum
886 4502 981 4585 buius

1023 850 1084 913 mis
1115 850 1265 915 diximus.
1308 848 1476 914 Habemus
1504 850 1630 915 deinde
1654 872 1765 917 numos

1024 972 1099 1014 cum
1129 951 1252 1036 capite,
1291 964 1326 1015 et
1356 951 1571 1036 inscriptione
1604 952 1768 1029 Octstimi

1025 1053 1169 1116 nondum
1191 1052 1350 1133 Augusti„
1380 1074 1463 1136 quos
1494 1052 1658 1139 descripsi
1677 1076 1768 1141 supra

1025 1176 1101 1238 pag.
1121 1155 1186 1231 llo,
1212 1175 1328 1217 rerum
1349 1152 1391 1217 de
1413 1154 1468 1215 his
1487 1152 1640 1219 dubitare
1660 1158 1766 1237 liceat,

1027 1255 1133 1318 sintne
1146 1274 1263 1318 revera
1279 1255 1447 1317 commatis
1463 1256 1625 1334 Romani,
1646 1271 1683 1321 ut
1698 1278 1765 1323 uros

1027 1356 1113 1418 infra
1134 1354 1313 1438 disputabo.
1355 1352 1498 1423 Videtur
1524 1376 1611 1443 ergo
1632 1380 1704 1425 mos
1722 1380 1766 1427 st·

1027 1478 1121 1521 neam
1143 1470 1307 1519 monetans
1333 1456 1544 1542 imperatoris
1572 1461 1680 1543 cupite
1701 1460 1766 1525 inti·

1028 1558 1163 1643 gniendi
1191 1558 1332 1642 primum
1353 1559 1414 1624 sub
1442 1556 1626 1637 Octaviano
1648 1562 1765 1629 undem

1028 1660 1176 1743 Augusto
1206 1661 1376 1743 invectus;
1404 1684 1479 1726 nam
1506 1682 1583 1725 cnm
1606 1663 1703 1749 hujus
1721 1682 1765 1729 es·

1027 1760 1116 1842 pite,
1134 1762 1187 1825 rel
1205 1765 1320 1827 saltem
1339 1764 1517 1849 epigraphe
1542 1766 1697 1849 copiosos
1719 1766 1766 1831 ba·

1027 1861 1143 1926 bemus
1165 1884 1286 1928 aeneos
1316 1868 1341 1928 1.
1359 1880 1394 1928 et
1409 1869 1449 1928 11.
1464 1866 1613 1944 formae,
1642 1886 1685 1929 ex
1706 1866 1764 1951 qui·

1027 1962 1088 2025 bus
1105 1964 1146 2040 ii,
1172 1965 1228 2049 qui
1246 1980 1337 2030 certe
1354 1966 1489 2031 inorbo
1508 1969 1581 2031 cusi
1599 1980 1693 2044 snut,
1716 1984 1766 2031 no·

1029 2078 1094 2127 tam
1125 2065 1159 2129 S.
1175 2066 1212 2128 C.
1236 2086 1303 2128 non
1323 2068 1484 2132 omittunt.
1525 2070 1612 2132 Nam
1633 2082 1719 2147 tum,
1735 2080 1768 2131 nt

1029 2166 1120 2227 numi
1141 2180 1254 2251 aperte
1280 2168 1479 2253 loquuntur,
1505 2181 1705 2235 transactum
1724 2182 1770 2235 est

1029 2269 1116 2330 inter
1137 2268 1338 2352 Augustum,
1362 2281 1396 2331 et
1416 2283 1587 2347 senatum,
1608 2284 1646 2335 ut
1665 2268 1771 2355 juste·

1028 2369 1137 2431 riundi
1158 2371 1232 2432 auri
1249 2383 1287 2433 et
1307 2370 1435 2454 argenti
1456 2390 1563 2455 penes
1583 2372 1770 2459 principem,

1031 2486 1065 2534 et
1080 2472 1165 2535 aeris
1182 2493 1284 2555 penes
1299 2485 1446 2535 senatum
1462 2486 1567 2551 esset,
1598 2472 1688 2559 quod
1702 2494 1774 2539 eun·

1031 2586 1136 2636 stante
1165 2573 1242 2658 lege
1268 2594 1371 2659 usque
1402 2574 1443 2638 sd
1473 2575 1664 2639 Gallienum
1691 2574 1776 2641 dein·

1032 2696 1112 2759 ceps
1133 2688 1183 2737 est
1203 2689 1388 2753 retentum,
1417 2676 1459 2740 ds
1472 2698 1539 2762 quo
1555 2678 1705 2743 instituto
1722 2676 1774 2743 sli-

1033 2776 1068 2838 bi
1085 2775 1212 2859 egimus
1233 2780 1272 2861 ⁸).
1294 2776 1489 2874 Quicunque
1508 2800 1594 2863 ergo
1610 2778 1708 2845 aenei
1720 2798 1774 2843 no·

1034 2891 1099 2940 tam
1122 2878 1156 2942 S.
1174 2879 1211 2943 C.
1232 2878 1309 2944 inde
1339 2880 1380 2944 ab
1409 2881 1473 2945 boc
1502 2896 1658 2967 ternpore
1687 2880 1775 2947 omit·

1034 2992 1126 3054 tunt,
1151 3001 1265 3044 omnes
1286 2982 1356 3062 illi,
1388 2983 1532 3068 demptis
1559 2982 1775 3069 paucisdmis,

1036 3080 1186 3146 ollicinae
1214 3096 1347 3148 exterae
1380 3099 1493 3168 partus
1523 3100 1601 3150 sunt
1629 3084 1777 3149 habendi.

1037 3186 1082 3245 Et
1103 3204 1180 3246 sane
1203 3186 1317 3249 oculus
1340 3186 1516 3251 tractandis
1544 3188 1655 3251 numia
1677 3186 1779 3251 erudi·

1037 3297 1088 3345 tus
1123 3284 1352 3368 deprehendet
1384 3289 1418 3349 in
1446 3288 1586 3373 singulis
1614 3286 1779 3375 sliqnids

1040 3400 1192 3450 monetae
1219 3388 1260 3454 R.
1283 3388 1427 3466 fabrica,
1445 3390 1637 3471 volumine,
1664 3378 1783 3455 metalli

1039 3488 1094 3550 rel
1121 3489 1256 3565 colore,
1281 3491 1336 3555 rel
1361 3490 1525 3571 crassitie,
1547 3490 1783 3583 typisfiuscri·

1039 3589 1159 3671 ptionis
1181 3589 1279 3654 modo
1301 3590 1469 3657 abludens.
1513 3595 1667 3659 Primum
1687 3594 1782 3681 igiter

1040 3691 1074 3752 in
1090 3692 1246 3775 judicium
1263 3692 1405 3759 veniant.

1107 3795 1220 3857 Aeaei
1240 3800 1384 3859 maxt'ms‘
1402 3798 1542 3862 moduli.
1585 3800 1660 3865 Huc
1684 3810 1782 3865 sohte

1040 3894 1131 3958 numi
1166 3895 1262 3981 hujus
1296 3896 1443 3977 formae,
1481 3896 1583 3962 etiam
1620 3898 1783 3965 commatis

1041 3997 1229 4081 peregrini,
1259 3999 1388 4081 perrari
1416 4012 1503 4065 sunt.
1553 3994 1712 4096 Quinque
1737 4020 1784 4067 so·

1041 4100 1110 4161 lum
1140 4099 1211 4181 ejus
1242 4100 1374 4184 generis
1404 4098 1546 4187 demptis
1568 4102 1782 4169 Contomistit

1041 4200 1167 4283 reperit
1212 4202 1404 4280 Mosellius,
1441 4224 1570 4295 sugque
1606 4204 1782 4273 delinsstct

1028 4294 1121 4362 'stitit
1149 4301 1257 4366 tabula
1283 4304 1399 4371 xxltt
1445 4306 1502 4369 Ed
1525 4306 1579 4377 liis
1608 4306 1782 4383 monulus,

1039 4402 1073 4463 in
1094 4423 1159 4487 quo
1177 4404 1211 4468 S.
1230 4404 1268 4469 C.
1291 4405 1377 4469 intra
1397 4426 1579 4492 quernam,
1602 4424 1658 4475 est
1678 4407 1783 4475 Antio·

1039 4503 1132 4567 chiae
1165 4506 1297 4589 Syriae,
1333 4508 1388 4573 rel
1417 4508 1518 4574 vieini
1548 4525 1692 4593 metus,
1722 4526 1783 4577 ter·

240 4642 1778 4675 ·--—--—---—-—-----—-—---.-

280 4710 311 4777 a)
330 4705 428 4765 Voll.
446 4706 562 4783 Proleg.
578 4726 643 4784 gen.
658 4706 811 4784 cap.XllI.
