<?xml version="1.0" encoding="UTF-8"?>
<!DOCTYPE html PUBLIC "-//W3C//DTD XHTML 1.0 Transitional//EN"
    "http://www.w3.org/TR/xhtml1/DTD/xhtml1-transitional.dtd">
<html xmlns="http://www.w3.org/1999/xhtml" xml:lang="en" lang="en">
 <head>
  <title>
</title>
<meta http-equiv="Content-Type" content="text/html;charset=utf-8" />
  <meta name='ocr-system' content='tesseract 3.04.00' />
  <meta name='ocr-capabilities' content='ocr_page ocr_carea ocr_par ocr_line ocrx_word'/>
</head>
<body>
  <div class='ocr_page' id='page_1' title='image "./doctrinanumorum00steigoog_0411.png"; bbox 0 0 4012 5370; ppageno 0'>
   <div class='ocr_carea' id='block_1_1' title="bbox 795 435 1201 512">
    <p class='ocr_par' dir='ltr' id='par_1_1' title="bbox 795 435 1201 512">
     <span class='ocr_line' id='line_1_1' title="bbox 795 435 1201 512; baseline -0.002 -4"><span class='ocrx_word' id='word_1_1' title='bbox 795 435 1201 512; x_wconf 73' lang='lat' dir='ltr'>notttrtnttvs.</span> 
     </span>
    </p>
   </div>
   <div class='ocr_carea' id='block_1_2' title="bbox 308 606 889 674">
    <p class='ocr_par' dir='ltr' id='par_1_2' title="bbox 308 606 889 674">
     <span class='ocr_line' id='line_1_2' title="bbox 308 606 889 674; baseline -0.003 0"><span class='ocrx_word' id='word_1_2' title='bbox 308 609 504 674; x_wconf 86' lang='lat' dir='ltr'><em>TITVLI</em></span> <span class='ocrx_word' id='word_1_3' title='bbox 545 606 889 672; x_wconf 82' lang='lat' dir='ltr'><em>DOMITIANI.</em></span> 
     </span>
    </p>
   </div>
   <div class='ocr_carea' id='block_1_3' title="bbox 532 775 666 838">
    <p class='ocr_par' dir='ltr' id='par_1_3' title="bbox 532 775 666 838">
     <span class='ocr_line' id='line_1_3' title="bbox 532 775 666 838; baseline -0.037 0"><span class='ocrx_word' id='word_1_4' title='bbox 532 775 666 838; x_wconf 81' lang='lat' dir='ltr'>Consul.</span> 
     </span>
    </p>
   </div>
   <div class='ocr_carea' id='block_1_4' title="bbox 218 913 971 3030">
    <p class='ocr_par' dir='ltr' id='par_1_4' title="bbox 218 913 971 3030">
     <span class='ocr_line' id='line_1_4' title="bbox 262 913 971 996; baseline -0.001 -17"><span class='ocrx_word' id='word_1_5' title='bbox 262 916 483 980; x_wconf 85' lang='lat' dir='ltr'>Domitianum</span> <span class='ocrx_word' id='word_1_6' title='bbox 511 935 595 977; x_wconf 85' lang='lat' dir='ltr'>anno</span> <span class='ocrx_word' id='word_1_7' title='bbox 624 915 664 979; x_wconf 84' lang='lat' dir='ltr'>V.</span> <span class='ocrx_word' id='word_1_8' title='bbox 687 914 724 979; x_wconf 86' lang='lat' dir='ltr'>C.</span> <span class='ocrx_word' id='word_1_9' title='bbox 750 913 812 988; x_wconf 57' lang='lat' dir='ltr'>desp</span> <span class='ocrx_word' id='word_1_10' title='bbox 839 934 971 996; x_wconf 78' lang='lat' dir='ltr'>proces·</span> 
     </span>
     <span class='ocr_line' id='line_1_5' title="bbox 220 1015 971 1102; baseline -0.005 -18"><span class='ocrx_word' id='word_1_11' title='bbox 220 1022 300 1084; x_wconf 85' lang='lat' dir='ltr'>sisse</span> <span class='ocrx_word' id='word_1_12' title='bbox 322 1021 489 1083; x_wconf 82' lang='lat' dir='ltr'>consulem</span> <span class='ocrx_word' id='word_1_13' title='bbox 508 1017 666 1100; x_wconf 88' lang='lat' dir='ltr'>primum,</span> <span class='ocrx_word' id='word_1_14' title='bbox 694 1030 726 1078; x_wconf 90' lang='lat' dir='ltr'>et</span> <span class='ocrx_word' id='word_1_15' title='bbox 750 1015 881 1102; x_wconf 88' lang='lat' dir='ltr'>quidem</span> <span class='ocrx_word' id='word_1_16' title='bbox 906 1018 971 1080; x_wconf 81' lang='lat' dir='ltr'>sus·</span> 
     </span>
     <span class='ocr_line' id='line_1_6' title="bbox 218 1118 970 1204; baseline -0.005 -20"><span class='ocrx_word' id='word_1_17' title='bbox 218 1123 359 1196; x_wconf 83' lang='lat' dir='ltr'>sectum,</span> <span class='ocrx_word' id='word_1_18' title='bbox 386 1121 427 1182; x_wconf 92' lang='lat' dir='ltr'>de</span> <span class='ocrx_word' id='word_1_19' title='bbox 449 1141 516 1204; x_wconf 89' lang='lat' dir='ltr'>quo</span> <span class='ocrx_word' id='word_1_20' title='bbox 536 1120 705 1180; x_wconf 88' lang='lat' dir='ltr'>consulatu</span> <span class='ocrx_word' id='word_1_21' title='bbox 723 1119 811 1180; x_wconf 84' lang='lat' dir='ltr'>varie</span> <span class='ocrx_word' id='word_1_22' title='bbox 833 1118 872 1179; x_wconf 90' lang='lat' dir='ltr'>ab</span> <span class='ocrx_word' id='word_1_23' title='bbox 897 1140 970 1180; x_wconf 87' lang='lat' dir='ltr'>eru·</span> 
     </span>
     <span class='ocr_line' id='line_1_7' title="bbox 219 1219 968 1303; baseline -0.007 -16"><span class='ocrx_word' id='word_1_24' title='bbox 219 1226 294 1287; x_wconf 87' lang='lat' dir='ltr'>ditis</span> <span class='ocrx_word' id='word_1_25' title='bbox 312 1224 372 1285; x_wconf 85' lang='lat' dir='ltr'>suit</span> <span class='ocrx_word' id='word_1_26' title='bbox 390 1223 607 1303; x_wconf 83' lang='lat' dir='ltr'>disputatum,</span> <span class='ocrx_word' id='word_1_27' title='bbox 636 1242 732 1301; x_wconf 86' lang='lat' dir='ltr'>supra</span> <span class='ocrx_word' id='word_1_28' title='bbox 755 1219 794 1280; x_wconf 83' lang='lat' dir='ltr'>ad</span> <span class='ocrx_word' id='word_1_29' title='bbox 819 1219 968 1302; x_wconf 86' lang='lat' dir='ltr'>ejusdcm</span> 
     </span>
     <span class='ocr_line' id='line_1_8' title="bbox 219 1321 968 1404; baseline -0.009 -15"><span class='ocrx_word' id='word_1_30' title='bbox 219 1328 293 1391; x_wconf 84' lang='lat' dir='ltr'>anui</span> <span class='ocrx_word' id='word_1_31' title='bbox 323 1345 438 1386; x_wconf 85' lang='lat' dir='ltr'>numos</span> <span class='ocrx_word' id='word_1_32' title='bbox 467 1321 687 1404; x_wconf 79' lang='lat' dir='ltr'>comprobavi.</span> <span class='ocrx_word' id='word_1_33' title='bbox 734 1322 892 1382; x_wconf 87' lang='lat' dir='ltr'>Ceterum</span> <span class='ocrx_word' id='word_1_34' title='bbox 926 1342 968 1384; x_wconf 82' lang='lat' dir='ltr'>cx</span> 
     </span>
     <span class='ocr_line' id='line_1_9' title="bbox 220 1424 968 1506; baseline -0.012 -14"><span class='ocrx_word' id='word_1_35' title='bbox 220 1428 441 1493; x_wconf 85' lang='lat' dir='ltr'>consulatibus</span> <span class='ocrx_word' id='word_1_36' title='bbox 473 1446 552 1500; x_wconf 85' lang='lat' dir='ltr'>sex,</span> <span class='ocrx_word' id='word_1_37' title='bbox 574 1444 674 1506; x_wconf 86' lang='lat' dir='ltr'>quos,</span> <span class='ocrx_word' id='word_1_38' title='bbox 706 1436 875 1506; x_wconf 85' lang='lat' dir='ltr'>antequam</span> <span class='ocrx_word' id='word_1_39' title='bbox 911 1424 968 1484; x_wconf 85' lang='lat' dir='ltr'>im-</span> 
     </span>
     <span class='ocr_line' id='line_1_10' title="bbox 219 1524 968 1620; baseline -0.011 -28"><span class='ocrx_word' id='word_1_40' title='bbox 219 1531 350 1615; x_wconf 86' lang='lat' dir='ltr'>perium</span> <span class='ocrx_word' id='word_1_41' title='bbox 369 1528 551 1601; x_wconf 84' lang='lat' dir='ltr'>obtineret,</span> <span class='ocrx_word' id='word_1_42' title='bbox 578 1524 704 1598; x_wconf 81' lang='lat' dir='ltr'>obivit,</span> <span class='ocrx_word' id='word_1_43' title='bbox 722 1525 848 1618; x_wconf 86' lang='lat' dir='ltr'>nonnisi</span> <span class='ocrx_word' id='word_1_44' title='bbox 869 1548 968 1620; x_wconf 83' lang='lat' dir='ltr'>unum</span> 
     </span>
     <span class='ocr_line' id='line_1_11' title="bbox 220 1625 969 1712; baseline -0.007 -16"><span class='ocrx_word' id='word_1_45' title='bbox 220 1631 421 1696; x_wconf 88' lang='lat' dir='ltr'>ordinarium</span> <span class='ocrx_word' id='word_1_46' title='bbox 445 1630 567 1712; x_wconf 86' lang='lat' dir='ltr'>gessit,</span> <span class='ocrx_word' id='word_1_47' title='bbox 588 1647 728 1707; x_wconf 86' lang='lat' dir='ltr'>cumque</span> <span class='ocrx_word' id='word_1_48' title='bbox 752 1625 911 1702; x_wconf 82' lang='lat' dir='ltr'>cedente,</span> <span class='ocrx_word' id='word_1_49' title='bbox 935 1642 969 1691; x_wconf 87' lang='lat' dir='ltr'>et</span> 
     </span>
     <span class='ocr_line' id='line_1_12' title="bbox 220 1727 968 1814; baseline -0.005 -19"><span class='ocrx_word' id='word_1_50' title='bbox 220 1734 417 1814; x_wconf 80' lang='lat' dir='ltr'>suffragante</span> <span class='ocrx_word' id='word_1_51' title='bbox 435 1732 552 1807; x_wconf 78' lang='lat' dir='ltr'>fratre,</span> <span class='ocrx_word' id='word_1_52' title='bbox 568 1744 602 1790; x_wconf 87' lang='lat' dir='ltr'>ut</span> <span class='ocrx_word' id='word_1_53' title='bbox 619 1729 716 1790; x_wconf 89' lang='lat' dir='ltr'>docet</span> <span class='ocrx_word' id='word_1_54' title='bbox 733 1727 916 1789; x_wconf 86' lang='lat' dir='ltr'>Suetonius</span> <span class='ocrx_word' id='word_1_55' title='bbox 925 1730 968 1810; x_wconf 82' lang='lat'>⁸).</span> 
     </span>
     <span class='ocr_line' id='line_1_13' title="bbox 220 1829 968 1913; baseline -0.007 -17"><span class='ocrx_word' id='word_1_56' title='bbox 220 1837 296 1896; x_wconf 85' lang='lat' dir='ltr'>Fuit</span> <span class='ocrx_word' id='word_1_57' title='bbox 327 1834 379 1894; x_wconf 91' lang='lat' dir='ltr'>hic</span> <span class='ocrx_word' id='word_1_58' title='bbox 409 1834 493 1894; x_wconf 83' lang='lat' dir='ltr'>altor</span> <span class='ocrx_word' id='word_1_59' title='bbox 524 1833 593 1913; x_wconf 88' lang='lat' dir='ltr'>ejus</span> <span class='ocrx_word' id='word_1_60' title='bbox 623 1829 826 1906; x_wconf 85' lang='lat' dir='ltr'>consulatus,</span> <span class='ocrx_word' id='word_1_61' title='bbox 871 1851 968 1912; x_wconf 83' lang='lat' dir='ltr'>quem</span> 
     </span>
     <span class='ocr_line' id='line_1_14' title="bbox 219 1931 969 2015; baseline -0.001 -20"><span class='ocrx_word' id='word_1_62' title='bbox 219 1936 311 1997; x_wconf 84' lang='lat' dir='ltr'>inivit</span> <span class='ocrx_word' id='word_1_63' title='bbox 340 1937 381 1998; x_wconf 77' lang='lat' dir='ltr'>V.</span> <span class='ocrx_word' id='word_1_64' title='bbox 408 1937 448 1997; x_wconf 80' lang='lat' dir='ltr'>C.</span> <span class='ocrx_word' id='word_1_65' title='bbox 475 1935 547 1998; x_wconf 77' lang='lat' dir='ltr'>82o.</span> <span class='ocrx_word' id='word_1_66' title='bbox 602 1933 707 2015; x_wconf 82' lang='lat' dir='ltr'>Magis</span> <span class='ocrx_word' id='word_1_67' title='bbox 743 1932 825 1994; x_wconf 83' lang='lat' dir='ltr'>inira</span> <span class='ocrx_word' id='word_1_68' title='bbox 863 1931 969 1994; x_wconf 76' lang='lat' dir='ltr'>refert</span> 
     </span>
     <span class='ocr_line' id='line_1_15' title="bbox 221 2033 967 2114; baseline -0.009 -15"><span class='ocrx_word' id='word_1_69' title='bbox 221 2036 396 2099; x_wconf 90' lang='lat' dir='ltr'>Suetonius</span> <span class='ocrx_word' id='word_1_70' title='bbox 417 2033 468 2114; x_wconf 64' lang='lat' dir='ltr'>t),</span> <span class='ocrx_word' id='word_1_71' title='bbox 503 2037 704 2096; x_wconf 83' lang='lat' dir='ltr'><em>Consulatus</em></span> <span class='ocrx_word' id='word_1_72' title='bbox 724 2033 840 2094; x_wconf 86' lang='lat' dir='ltr'><em>XVII.</em></span> <span class='ocrx_word' id='word_1_73' title='bbox 863 2035 967 2113; x_wconf 81' lang='lat' dir='ltr'>cepit,</span> 
     </span>
     <span class='ocr_line' id='line_1_16' title="bbox 220 2133 967 2217; baseline -0.004 -20"><span class='ocrx_word' id='word_1_74' title='bbox 220 2151 394 2217; x_wconf 69' lang='lat' dir='ltr'>praetante</span> <span class='ocrx_word' id='word_1_75' title='bbox 414 2158 487 2195; x_wconf 84' lang='lat' dir='ltr'>eum</span> <span class='ocrx_word' id='word_1_76' title='bbox 510 2157 602 2194; x_wconf 85' lang='lat' dir='ltr'>nemo</span> <span class='ocrx_word' id='word_1_77' title='bbox 625 2134 745 2210; x_wconf 86' lang='lat' dir='ltr'>(serius</span> <span class='ocrx_word' id='word_1_78' title='bbox 762 2133 967 2194; x_wconf 87' lang='lat' dir='ltr'>Theodosius</span> 
     </span>
     <span class='ocr_line' id='line_1_17' title="bbox 220 2236 968 2320; baseline -0.007 -20"><span class='ocrx_word' id='word_1_79' title='bbox 220 2239 328 2320; x_wconf 89' lang='lat' dir='ltr'>junior</span> <span class='ocrx_word' id='word_1_80' title='bbox 348 2238 479 2298; x_wconf 88' lang='lat' dir='ltr'>omnino</span> <span class='ocrx_word' id='word_1_81' title='bbox 492 2236 639 2313; x_wconf 67' lang='lat' dir='ltr'>ttulit),</span> <span class='ocrx_word' id='word_1_82' title='bbox 652 2256 695 2295; x_wconf 80' lang='lat' dir='ltr'>er</span> <span class='ocrx_word' id='word_1_83' title='bbox 710 2237 829 2312; x_wconf 74' lang='lat' dir='ltr'>quibus</span> <span class='ocrx_word' id='word_1_84' title='bbox 846 2248 968 2316; x_wconf 84' lang='lat' dir='ltr'>septem</span> 
     </span>
     <span class='ocr_line' id='line_1_18' title="bbox 221 2340 968 2416; baseline -0.008 -14"><span class='ocrx_word' id='word_1_85' title='bbox 221 2343 345 2402; x_wconf 80' lang='lat' dir='ltr'>medios</span> <span class='ocrx_word' id='word_1_86' title='bbox 364 2340 592 2416; x_wconf 77' lang='lat' dir='ltr'>continuavit,</span> <span class='ocrx_word' id='word_1_87' title='bbox 609 2357 720 2396; x_wconf 78' lang='lat' dir='ltr'>onmes</span> <span class='ocrx_word' id='word_1_88' title='bbox 737 2349 848 2396; x_wconf 82' lang='lat' dir='ltr'>cutem</span> <span class='ocrx_word' id='word_1_89' title='bbox 862 2355 968 2415; x_wconf 74' lang='lat' dir='ltr'>paene</span> 
     </span>
     <span class='ocr_line' id='line_1_19' title="bbox 222 2437 967 2519; baseline -0.013 -14"><span class='ocrx_word' id='word_1_90' title='bbox 222 2443 325 2505; x_wconf 80' lang='lat' dir='ltr'>titulo</span> <span class='ocrx_word' id='word_1_91' title='bbox 343 2455 439 2501; x_wconf 77' lang='lat' dir='ltr'>tenus</span> <span class='ocrx_word' id='word_1_92' title='bbox 453 2441 581 2519; x_wconf 83' lang='lat' dir='ltr'>gessit,</span> <span class='ocrx_word' id='word_1_93' title='bbox 593 2455 651 2497; x_wconf 85' lang='lat' dir='ltr'>nec</span> <span class='ocrx_word' id='word_1_94' title='bbox 665 2456 858 2512; x_wconf 76' lang='lat' dir='ltr'>quetnquum</span> <span class='ocrx_word' id='word_1_95' title='bbox 875 2437 967 2496; x_wconf 84' lang='lat' dir='ltr'>ultra</span> 
     </span>
     <span class='ocr_line' id='line_1_20' title="bbox 222 2535 969 2618; baseline -0.009 -15"><span class='ocrx_word' id='word_1_96' title='bbox 222 2544 389 2604; x_wconf 75' lang='lat' dir='ltr'>Kalendas</span> <span class='ocrx_word' id='word_1_97' title='bbox 408 2541 507 2613; x_wconf 71' lang='lat' dir='ltr'>Masi,</span> <span class='ocrx_word' id='word_1_98' title='bbox 520 2539 635 2618; x_wconf 83' lang='lat' dir='ltr'>plures</span> <span class='ocrx_word' id='word_1_99' title='bbox 651 2538 695 2597; x_wconf 82' lang='lat' dir='ltr'>ed</span> <span class='ocrx_word' id='word_1_100' title='bbox 709 2538 785 2597; x_wconf 83' lang='lat' dir='ltr'>idus</span> <span class='ocrx_word' id='word_1_101' title='bbox 798 2555 901 2614; x_wconf 82' lang='lat' dir='ltr'>usque</span> <span class='ocrx_word' id='word_1_102' title='bbox 915 2535 969 2596; x_wconf 87' lang='lat' dir='ltr'>Ia·</span> 
     </span>
     <span class='ocr_line' id='line_1_21' title="bbox 221 2636 969 2707; baseline -0.009 -3"><span class='ocrx_word' id='word_1_103' title='bbox 221 2647 374 2707; x_wconf 80' lang='lat' dir='ltr'>nuntias.</span> <span class='ocrx_word' id='word_1_104' title='bbox 395 2641 500 2702; x_wconf 79' lang='lat' dir='ltr'>Etiam</span> <span class='ocrx_word' id='word_1_105' title='bbox 516 2637 678 2699; x_wconf 84' lang='lat' dir='ltr'>Ausonius</span> <span class='ocrx_word' id='word_1_106' title='bbox 694 2638 797 2701; x_wconf 82' lang='lat' dir='ltr'><em>XVII.</em></span> <span class='ocrx_word' id='word_1_107' title='bbox 813 2636 969 2698; x_wconf 85' lang='lat' dir='ltr'>Domitia·</span> 
     </span>
     <span class='ocr_line' id='line_1_22' title="bbox 220 2737 967 2836; baseline -0.011 -31"><span class='ocrx_word' id='word_1_108' title='bbox 220 2745 253 2805; x_wconf 89' lang='lat' dir='ltr'>ni</span> <span class='ocrx_word' id='word_1_109' title='bbox 272 2745 456 2807; x_wconf 84' lang='lat' dir='ltr'>consulatus</span> <span class='ocrx_word' id='word_1_110' title='bbox 476 2753 643 2804; x_wconf 83' lang='lat' dir='ltr'>enumerat</span> <span class='ocrx_word' id='word_1_111' title='bbox 662 2741 710 2819; x_wconf 76' lang='lat'>⁰),</span> <span class='ocrx_word' id='word_1_112' title='bbox 737 2752 770 2799; x_wconf 85' lang='lat' dir='ltr'>ct</span> <span class='ocrx_word' id='word_1_113' title='bbox 791 2737 967 2836; x_wconf 81' lang='lat' dir='ltr'>suffragan·</span> 
     </span>
     <span class='ocr_line' id='line_1_23' title="bbox 221 2838 967 2922; baseline -0.005 -16"><span class='ocrx_word' id='word_1_114' title='bbox 221 2862 276 2907; x_wconf 83' lang='lat' dir='ltr'>tur</span> <span class='ocrx_word' id='word_1_115' title='bbox 297 2867 456 2908; x_wconf 82' lang='lat' dir='ltr'>marmora</span> <span class='ocrx_word' id='word_1_116' title='bbox 480 2844 605 2916; x_wconf 83' lang='lat' dir='ltr'>omnia,</span> <span class='ocrx_word' id='word_1_117' title='bbox 638 2854 671 2902; x_wconf 89' lang='lat' dir='ltr'>ct</span> <span class='ocrx_word' id='word_1_118' title='bbox 696 2840 801 2913; x_wconf 89' lang='lat' dir='ltr'>numi,</span> <span class='ocrx_word' id='word_1_119' title='bbox 832 2838 967 2922; x_wconf 87' lang='lat' dir='ltr'>dempto</span> 
     </span>
     <span class='ocr_line' id='line_1_24' title="bbox 221 2940 966 3030; baseline -0.012 -21"><span class='ocrx_word' id='word_1_120' title='bbox 221 2950 340 3022; x_wconf 87' lang='lat' dir='ltr'>unico,</span> <span class='ocrx_word' id='word_1_121' title='bbox 376 2969 474 3030; x_wconf 88' lang='lat' dir='ltr'>quem</span> <span class='ocrx_word' id='word_1_122' title='bbox 507 2958 638 3028; x_wconf 88' lang='lat' dir='ltr'>praeter</span> <span class='ocrx_word' id='word_1_123' title='bbox 670 2942 712 3006; x_wconf 87' lang='lat' dir='ltr'>cl.</span> <span class='ocrx_word' id='word_1_124' title='bbox 738 2941 905 3008; x_wconf 76' lang='lat' dir='ltr'>Valerium</span> <span class='ocrx_word' id='word_1_125' title='bbox 934 2940 966 3021; x_wconf 62' lang='grc' dir='ltr'>(Ι)</span> 
     </span>
    </p>
   </div>
   <div class='ocr_carea' id='block_1_5' title="bbox 220 3044 966 3230">
    <p class='ocr_par' dir='ltr' id='par_1_5' title="bbox 220 3044 966 3230">
     <span class='ocr_line' id='line_1_25' title="bbox 220 3044 966 3120; baseline -0.009 -9"><span class='ocrx_word' id='word_1_126' title='bbox 220 3051 329 3113; x_wconf 83' lang='lat' dir='ltr'>laudat</span> <span class='ocrx_word' id='word_1_127' title='bbox 359 3046 544 3109; x_wconf 82' lang='lat' dir='ltr'>llurduinus</span> <span class='ocrx_word' id='word_1_128' title='bbox 585 3065 723 3106; x_wconf 82' lang='lat' dir='ltr'>aeneum</span> <span class='ocrx_word' id='word_1_129' title='bbox 761 3046 786 3106; x_wconf 86' lang='lat' dir='ltr'>I.</span> <span class='ocrx_word' id='word_1_130' title='bbox 824 3044 966 3120; x_wconf 79' lang='lat' dir='ltr'>formae,</span> 
     </span>
     <span class='ocr_line' id='line_1_26' title="bbox 222 3145 966 3230; baseline -0.007 -17"><span class='ocrx_word' id='word_1_131' title='bbox 222 3167 254 3214; x_wconf 86' lang='lat' dir='ltr'>ct</span> <span class='ocrx_word' id='word_1_132' title='bbox 285 3151 494 3230; x_wconf 88' lang='lat' dir='ltr'>inscriptum:</span> <span class='ocrx_word' id='word_1_133' title='bbox 534 3149 621 3208; x_wconf 77' lang='lat' dir='ltr'>tttt’.</span> <span class='ocrx_word' id='word_1_134' title='bbox 655 3146 777 3207; x_wconf 84' lang='lat' dir='ltr'>CAES.</span> <span class='ocrx_word' id='word_1_135' title='bbox 810 3145 966 3208; x_wconf 68' lang='lat' dir='ltr'>Dotttt&#39;.</span> 
     </span>
    </p>
   </div>
   <div class='ocr_carea' id='block_1_6' title="bbox 221 3247 969 4245">
    <p class='ocr_par' dir='ltr' id='par_1_6' title="bbox 221 3247 969 4245">
     <span class='ocr_line' id='line_1_27' title="bbox 224 3247 966 3317; baseline -0.001 -6"><span class='ocrx_word' id='word_1_136' title='bbox 224 3247 966 3317; x_wconf 56' lang='lat' dir='ltr'>ementur.commulcens.PERP.</span> 
     </span>
     <span class='ocr_line' id='line_1_28' title="bbox 223 3357 968 3431; baseline -0.003 -19"><span class='ocrx_word' id='word_1_137' title='bbox 223 3358 258 3418; x_wconf 81' lang='grc' dir='ltr'>Ρ.</span> <span class='ocrx_word' id='word_1_138' title='bbox 300 3357 355 3429; x_wconf 84' lang='grc' dir='ltr'>Ρ.,</span> <span class='ocrx_word' id='word_1_139' title='bbox 407 3365 541 3414; x_wconf 89' lang='lat' dir='ltr'>testatus</span> <span class='ocrx_word' id='word_1_140' title='bbox 591 3363 782 3431; x_wconf 78' lang='lat' dir='ltr'>practerea,</span> <span class='ocrx_word' id='word_1_141' title='bbox 834 3370 968 3410; x_wconf 84' lang='lat' dir='ltr'>numum</span> 
     </span>
     <span class='ocr_line' id='line_1_29' title="bbox 221 3450 969 3536; baseline -0.011 -18"><span class='ocrx_word' id='word_1_142' title='bbox 221 3478 293 3518; x_wconf 83' lang='lat' dir='ltr'>esse</span> <span class='ocrx_word' id='word_1_143' title='bbox 313 3454 579 3536; x_wconf 87' lang='lat' dir='ltr'>integerrimum,</span> <span class='ocrx_word' id='word_1_144' title='bbox 602 3472 637 3512; x_wconf 87' lang='lat' dir='ltr'>ac</span> <span class='ocrx_word' id='word_1_145' title='bbox 656 3450 898 3525; x_wconf 79' lang='lat' dir='ltr'>nitidissimum,</span> <span class='ocrx_word' id='word_1_146' title='bbox 924 3466 969 3512; x_wconf 88' lang='lat' dir='ltr'>at-</span> 
     </span>
     <span class='ocr_line' id='line_1_30' title="bbox 222 3551 968 3641; baseline -0.005 -22"><span class='ocrx_word' id='word_1_147' title='bbox 222 3582 286 3641; x_wconf 88' lang='lat' dir='ltr'>que</span> <span class='ocrx_word' id='word_1_148' title='bbox 310 3579 350 3618; x_wconf 85' lang='lat' dir='ltr'>ex</span> <span class='ocrx_word' id='word_1_149' title='bbox 377 3577 418 3617; x_wconf 86' lang='lat' dir='ltr'>co</span> <span class='ocrx_word' id='word_1_150' title='bbox 442 3557 541 3616; x_wconf 86' lang='lat' dir='ltr'>Iastos</span> <span class='ocrx_word' id='word_1_151' title='bbox 561 3573 633 3614; x_wconf 87' lang='lat' dir='ltr'>csse</span> <span class='ocrx_word' id='word_1_152' title='bbox 654 3551 889 3634; x_wconf 86' lang='lat' dir='ltr'>corrigendos,</span> <span class='ocrx_word' id='word_1_153' title='bbox 912 3554 968 3635; x_wconf 90' lang='lat' dir='ltr'>qui</span> 
     </span>
     <span class='ocr_line' id='line_1_31' title="bbox 222 3653 968 3723; baseline -0.008 -2"><span class='ocrx_word' id='word_1_154' title='bbox 222 3662 407 3723; x_wconf 82' lang='lat' dir='ltr'>consulatus</span> <span class='ocrx_word' id='word_1_155' title='bbox 434 3669 553 3717; x_wconf 85' lang='lat' dir='ltr'>tantum</span> <span class='ocrx_word' id='word_1_156' title='bbox 572 3655 674 3719; x_wconf 76' lang='lat' dir='ltr'>xt&#39;tt.</span> <span class='ocrx_word' id='word_1_157' title='bbox 703 3653 888 3717; x_wconf 87' lang='lat' dir='ltr'>Domitiano</span> <span class='ocrx_word' id='word_1_158' title='bbox 912 3655 968 3717; x_wconf 83' lang='lat' dir='ltr'>tri·</span> 
     </span>
     <span class='ocr_line' id='line_1_32' title="bbox 222 3754 968 3839; baseline -0.008 -17"><span class='ocrx_word' id='word_1_159' title='bbox 222 3762 323 3823; x_wconf 92' lang='lat' dir='ltr'>buunt</span> <span class='ocrx_word' id='word_1_160' title='bbox 347 3764 389 3839; x_wconf 73' lang='grc' dir='ltr'>ο).</span> <span class='ocrx_word' id='word_1_161' title='bbox 427 3760 469 3818; x_wconf 88' lang='lat' dir='ltr'>At</span> <span class='ocrx_word' id='word_1_162' title='bbox 498 3777 561 3839; x_wconf 92' lang='lat' dir='ltr'>ego</span> <span class='ocrx_word' id='word_1_163' title='bbox 585 3775 664 3837; x_wconf 92' lang='lat' dir='ltr'>pace</span> <span class='ocrx_word' id='word_1_164' title='bbox 689 3754 752 3816; x_wconf 79' lang='lat' dir='ltr'>riri</span> <span class='ocrx_word' id='word_1_165' title='bbox 777 3754 896 3816; x_wconf 83' lang='lat' dir='ltr'>eruditi</span> <span class='ocrx_word' id='word_1_166' title='bbox 921 3755 968 3816; x_wconf 86' lang='lat' dir='ltr'>di·</span> 
     </span>
     <span class='ocr_line' id='line_1_33' title="bbox 223 3856 966 3940; baseline -0.003 -18"><span class='ocrx_word' id='word_1_167' title='bbox 223 3884 321 3936; x_wconf 80' lang='lat' dir='ltr'>xero,</span> <span class='ocrx_word' id='word_1_168' title='bbox 354 3860 462 3921; x_wconf 88' lang='lat' dir='ltr'>malim</span> <span class='ocrx_word' id='word_1_169' title='bbox 492 3880 532 3921; x_wconf 87' lang='lat' dir='ltr'>cx</span> <span class='ocrx_word' id='word_1_170' title='bbox 563 3856 711 3938; x_wconf 85' lang='lat' dir='ltr'>omnibus</span> <span class='ocrx_word' id='word_1_171' title='bbox 737 3858 966 3940; x_wconf 71' lang='lat' dir='ltr'>scriptoribus,</span> 
     </span>
     <span class='ocr_line' id='line_1_34' title="bbox 223 3961 965 4043; baseline -0.004 -19"><span class='ocrx_word' id='word_1_172' title='bbox 223 3977 255 4024; x_wconf 88' lang='lat' dir='ltr'>ct</span> <span class='ocrx_word' id='word_1_173' title='bbox 276 3961 493 4024; x_wconf 74' lang='lat' dir='ltr'>monumentis</span> <span class='ocrx_word' id='word_1_174' title='bbox 513 3981 611 4021; x_wconf 91' lang='lat' dir='ltr'>unum</span> <span class='ocrx_word' id='word_1_175' title='bbox 629 3979 779 4034; x_wconf 89' lang='lat' dir='ltr'>numum,</span> <span class='ocrx_word' id='word_1_176' title='bbox 806 3981 901 4043; x_wconf 88' lang='lat' dir='ltr'>qnam</span> <span class='ocrx_word' id='word_1_177' title='bbox 925 3981 965 4023; x_wconf 85' lang='lat' dir='ltr'>cx</span> 
     </span>
     <span class='ocr_line' id='line_1_35' title="bbox 223 4060 965 4142; baseline 0 -18"><span class='ocrx_word' id='word_1_178' title='bbox 223 4087 285 4126; x_wconf 89' lang='lat' dir='ltr'>uno</span> <span class='ocrx_word' id='word_1_179' title='bbox 315 4084 413 4126; x_wconf 89' lang='lat' dir='ltr'>numo</span> <span class='ocrx_word' id='word_1_180' title='bbox 442 4063 517 4123; x_wconf 87' lang='lat' dir='ltr'>illos</span> <span class='ocrx_word' id='word_1_181' title='bbox 547 4081 659 4121; x_wconf 89' lang='lat' dir='ltr'>omnes</span> <span class='ocrx_word' id='word_1_182' title='bbox 689 4060 822 4142; x_wconf 82' lang='lat' dir='ltr'>corrigi.</span> <span class='ocrx_word' id='word_1_183' title='bbox 866 4064 965 4139; x_wconf 87' lang='lat' dir='ltr'>Esto,</span> 
     </span>
     <span class='ocr_line' id='line_1_36' title="bbox 223 4164 964 4245; baseline -0.001 -21"><span class='ocrx_word' id='word_1_184' title='bbox 223 4189 356 4227; x_wconf 84' lang='lat' dir='ltr'>numum</span> <span class='ocrx_word' id='word_1_185' title='bbox 385 4185 456 4226; x_wconf 89' lang='lat' dir='ltr'>esse</span> <span class='ocrx_word' id='word_1_186' title='bbox 487 4164 668 4245; x_wconf 87' lang='lat' dir='ltr'>integrum,</span> <span class='ocrx_word' id='word_1_187' title='bbox 698 4183 734 4223; x_wconf 91' lang='lat' dir='ltr'>ac</span> <span class='ocrx_word' id='word_1_188' title='bbox 764 4184 900 4239; x_wconf 84' lang='lat' dir='ltr'>sanum,</span> <span class='ocrx_word' id='word_1_189' title='bbox 925 4186 964 4225; x_wconf 89' lang='lat' dir='ltr'>an</span> 
     </span>
    </p>
   </div>
   <div class='ocr_carea' id='block_1_7' title="bbox 1700 467 1842 569">
    <p class='ocr_par' dir='ltr' id='par_1_7' title="bbox 1700 467 1842 569">
     <span class='ocr_line' id='line_1_37' title="bbox 1700 467 1842 569; baseline 0 -37"><span class='ocrx_word' id='word_1_190' title='bbox 1700 467 1771 543; x_wconf 79' lang='lat' dir='ltr'>sos</span> <span class='ocrx_word' id='word_1_191' title='bbox 1839 564 1842 569; x_wconf 81' lang='lat'><em>.</em></span> 
     </span>
    </p>
   </div>
   <div class='ocr_carea' id='block_1_8' title="bbox 1026 607 1783 2404">
    <p class='ocr_par' dir='ltr' id='par_1_8' title="bbox 1026 607 1783 2404">
     <span class='ocr_line' id='line_1_38' title="bbox 1027 607 1779 680; baseline 0.013 -10"><span class='ocrx_word' id='word_1_192' title='bbox 1027 608 1127 670; x_wconf 85' lang='lat' dir='ltr'>nullis</span> <span class='ocrx_word' id='word_1_193' title='bbox 1149 607 1238 669; x_wconf 85' lang='lat' dir='ltr'>numi</span> <span class='ocrx_word' id='word_1_194' title='bbox 1259 620 1389 672; x_wconf 84' lang='lat' dir='ltr'>veteres</span> <span class='ocrx_word' id='word_1_195' title='bbox 1411 609 1560 677; x_wconf 82' lang='lat' dir='ltr'>laborent</span> <span class='ocrx_word' id='word_1_196' title='bbox 1580 617 1779 680; x_wconf 79' lang='lat' dir='ltr'>monetario·</span> 
     </span>
     <span class='ocr_line' id='line_1_39' title="bbox 1027 712 1774 797; baseline 0.013 -25"><span class='ocrx_word' id='word_1_197' title='bbox 1027 733 1100 772; x_wconf 84' lang='lat' dir='ltr'>rum</span> <span class='ocrx_word' id='word_1_198' title='bbox 1126 712 1291 793; x_wconf 86' lang='lat' dir='ltr'>peccatis?</span> <span class='ocrx_word' id='word_1_199' title='bbox 1318 713 1385 773; x_wconf 83' lang='lat' dir='ltr'>Cur</span> <span class='ocrx_word' id='word_1_200' title='bbox 1409 734 1491 797; x_wconf 90' lang='lat' dir='ltr'>ergo</span> <span class='ocrx_word' id='word_1_201' title='bbox 1514 715 1546 776; x_wconf 91' lang='lat' dir='ltr'>in</span> <span class='ocrx_word' id='word_1_202' title='bbox 1572 716 1774 782; x_wconf 84' lang='lat' dir='ltr'>absolvendo</span> 
     </span>
     <span class='ocr_line' id='line_1_40' title="bbox 1027 812 1780 903; baseline 0.008 -29"><span class='ocrx_word' id='word_1_203' title='bbox 1027 813 1092 876; x_wconf 89' lang='lat' dir='ltr'>boc</span> <span class='ocrx_word' id='word_1_204' title='bbox 1116 812 1275 875; x_wconf 86' lang='lat' dir='ltr'>Harduini</span> <span class='ocrx_word' id='word_1_205' title='bbox 1299 835 1398 876; x_wconf 93' lang='lat' dir='ltr'>numo</span> <span class='ocrx_word' id='word_1_206' title='bbox 1424 829 1488 879; x_wconf 86' lang='lat' dir='ltr'>tam</span> <span class='ocrx_word' id='word_1_207' title='bbox 1513 817 1611 879; x_wconf 85' lang='lat' dir='ltr'>simus</span> <span class='ocrx_word' id='word_1_208' title='bbox 1636 818 1780 903; x_wconf 84' lang='lat' dir='ltr'>diiigen-</span> 
     </span>
     <span class='ocr_line' id='line_1_41' title="bbox 1029 915 1779 998; baseline 0.005 -21"><span class='ocrx_word' id='word_1_209' title='bbox 1029 928 1098 991; x_wconf 82' lang='lat' dir='ltr'>tcs,</span> <span class='ocrx_word' id='word_1_210' title='bbox 1128 915 1303 998; x_wconf 80' lang='lat' dir='ltr'>praecipue</span> <span class='ocrx_word' id='word_1_211' title='bbox 1327 936 1400 979; x_wconf 88' lang='lat' dir='ltr'>cum</span> <span class='ocrx_word' id='word_1_212' title='bbox 1425 931 1493 994; x_wconf 84' lang='lat' dir='ltr'>tot,</span> <span class='ocrx_word' id='word_1_213' title='bbox 1522 939 1559 981; x_wconf 87' lang='lat' dir='ltr'>ac</span> <span class='ocrx_word' id='word_1_214' title='bbox 1584 934 1648 982; x_wconf 84' lang='lat' dir='ltr'>tam</span> <span class='ocrx_word' id='word_1_215' title='bbox 1675 920 1779 983; x_wconf 86' lang='lat' dir='ltr'>certis</span> 
     </span>
     <span class='ocr_line' id='line_1_42' title="bbox 1029 1016 1778 1105; baseline 0.005 -27"><span class='ocrx_word' id='word_1_216' title='bbox 1029 1016 1245 1078; x_wconf 73' lang='lat' dir='ltr'>monumentis</span> <span class='ocrx_word' id='word_1_217' title='bbox 1276 1017 1491 1083; x_wconf 78' lang='lat' dir='ltr'>adversatur?</span> <span class='ocrx_word' id='word_1_218' title='bbox 1534 1020 1685 1083; x_wconf 83' lang='lat' dir='ltr'>Admisso</span> <span class='ocrx_word' id='word_1_219' title='bbox 1715 1021 1778 1105; x_wconf 80' lang='lat' dir='ltr'>igi·</span> 
     </span>
     <span class='ocr_line' id='line_1_43' title="bbox 1028 1118 1778 1203; baseline 0.008 -23"><span class='ocrx_word' id='word_1_220' title='bbox 1028 1132 1081 1180; x_wconf 86' lang='lat' dir='ltr'>tur</span> <span class='ocrx_word' id='word_1_221' title='bbox 1109 1118 1280 1179; x_wconf 88' lang='lat' dir='ltr'>monetarii</span> <span class='ocrx_word' id='word_1_222' title='bbox 1298 1120 1399 1202; x_wconf 80' lang='lat' dir='ltr'>ispsu</span> <span class='ocrx_word' id='word_1_223' title='bbox 1421 1141 1529 1203; x_wconf 86' lang='lat' dir='ltr'>neque</span> <span class='ocrx_word' id='word_1_224' title='bbox 1552 1125 1616 1183; x_wconf 88' lang='lat' dir='ltr'>crit</span> <span class='ocrx_word' id='word_1_225' title='bbox 1636 1143 1778 1186; x_wconf 86' lang='lat' dir='ltr'>necesse</span> 
     </span>
     <span class='ocr_line' id='line_1_44' title="bbox 1028 1219 1773 1308; baseline 0.007 -25"><span class='ocrx_word' id='word_1_226' title='bbox 1028 1219 1280 1306; x_wconf 85' lang='lat' dir='ltr'>circumspicere</span> <span class='ocrx_word' id='word_1_227' title='bbox 1309 1241 1382 1282; x_wconf 89' lang='lat' dir='ltr'>cnm</span> <span class='ocrx_word' id='word_1_228' title='bbox 1408 1222 1605 1308; x_wconf 71' lang='lat' dir='ltr'>Mazaoleno</span> <span class='ocrx_word' id='word_1_229' title='bbox 1634 1225 1773 1288; x_wconf 80' lang='lat' dir='ltr'>alterum</span> 
     </span>
     <span class='ocr_line' id='line_1_45' title="bbox 1028 1312 1780 1406; baseline 0.004 -21"><span class='ocrx_word' id='word_1_230' title='bbox 1028 1312 1204 1406; x_wconf 80' lang='lat' dir='ltr'>effugium,</span> <span class='ocrx_word' id='word_1_231' title='bbox 1226 1322 1368 1404; x_wconf 79' lang='lat' dir='ltr'>intelligi</span> <span class='ocrx_word' id='word_1_232' title='bbox 1390 1322 1543 1385; x_wconf 83' lang='lat' dir='ltr'>nimirum</span> <span class='ocrx_word' id='word_1_233' title='bbox 1563 1326 1680 1393; x_wconf 81' lang='lat' dir='ltr'>XVlss.</span> <span class='ocrx_word' id='word_1_234' title='bbox 1700 1347 1780 1390; x_wconf 89' lang='lat' dir='ltr'>con-</span> 
     </span>
     <span class='ocr_line' id='line_1_46' title="bbox 1027 1422 1779 1505; baseline 0.005 -19"><span class='ocrx_word' id='word_1_235' title='bbox 1027 1424 1183 1502; x_wconf 83' lang='lat' dir='ltr'>sulatum,</span> <span class='ocrx_word' id='word_1_236' title='bbox 1211 1422 1272 1486; x_wconf 82' lang='lat' dir='ltr'>sed</span> <span class='ocrx_word' id='word_1_237' title='bbox 1290 1426 1518 1505; x_wconf 74' lang='lat' dir='ltr'>designatum,</span> <span class='ocrx_word' id='word_1_238' title='bbox 1546 1427 1608 1489; x_wconf 82' lang='lat' dir='ltr'>etsi</span> <span class='ocrx_word' id='word_1_239' title='bbox 1628 1426 1779 1491; x_wconf 78' lang='lat' dir='ltr'>absolute</span> 
     </span>
     <span class='ocr_line' id='line_1_47' title="bbox 1027 1520 1775 1611; baseline 0.004 -23"><span class='ocrx_word' id='word_1_240' title='bbox 1027 1520 1151 1610; x_wconf 85' lang='lat' dir='ltr'>positus</span> <span class='ocrx_word' id='word_1_241' title='bbox 1174 1525 1223 1587; x_wconf 90' lang='lat' dir='ltr'>sit.</span> <span class='ocrx_word' id='word_1_242' title='bbox 1260 1523 1378 1586; x_wconf 79' lang='lat' dir='ltr'>Adfert</span> <span class='ocrx_word' id='word_1_243' title='bbox 1407 1525 1435 1586; x_wconf 88' lang='lat' dir='ltr'>is</span> <span class='ocrx_word' id='word_1_244' title='bbox 1463 1527 1595 1610; x_wconf 86' lang='lat' dir='ltr'>quidem</span> <span class='ocrx_word' id='word_1_245' title='bbox 1625 1529 1775 1611; x_wconf 74' lang='lat' dir='ltr'>exempla</span> 
     </span>
     <span class='ocr_line' id='line_1_48' title="bbox 1026 1627 1780 1710; baseline 0.004 -22"><span class='ocrx_word' id='word_1_246' title='bbox 1026 1627 1133 1702; x_wconf 73' lang='lat' dir='ltr'>varin,</span> <span class='ocrx_word' id='word_1_247' title='bbox 1162 1647 1391 1709; x_wconf 78' lang='lat' dir='ltr'>nonnunquam</span> <span class='ocrx_word' id='word_1_248' title='bbox 1416 1627 1602 1691; x_wconf 80' lang='lat' dir='ltr'>consulatus</span> <span class='ocrx_word' id='word_1_249' title='bbox 1626 1629 1780 1710; x_wconf 77' lang='lat' dir='ltr'>designa·</span> 
     </span>
     <span class='ocr_line' id='line_1_49' title="bbox 1026 1726 1778 1810; baseline 0.001 -20"><span class='ocrx_word' id='word_1_250' title='bbox 1026 1741 1078 1790; x_wconf 78' lang='lat' dir='ltr'>tos</span> <span class='ocrx_word' id='word_1_251' title='bbox 1106 1741 1251 1809; x_wconf 87' lang='lat' dir='ltr'>sumptos</span> <span class='ocrx_word' id='word_1_252' title='bbox 1279 1726 1380 1789; x_wconf 82' lang='lat' dir='ltr'>fuisse</span> <span class='ocrx_word' id='word_1_253' title='bbox 1408 1728 1557 1790; x_wconf 83' lang='lat' dir='ltr'>absolute</span> <span class='ocrx_word' id='word_1_254' title='bbox 1581 1727 1626 1810; x_wconf 77' lang='lat'>¹),</span> <span class='ocrx_word' id='word_1_255' title='bbox 1658 1751 1778 1793; x_wconf 74' lang='lat' dir='ltr'>veruna</span> 
     </span>
     <span class='ocr_line' id='line_1_50' title="bbox 1027 1826 1773 1914; baseline 0.001 -23"><span class='ocrx_word' id='word_1_256' title='bbox 1027 1827 1105 1891; x_wconf 82' lang='lat' dir='ltr'>alibi</span> <span class='ocrx_word' id='word_1_257' title='bbox 1122 1826 1331 1904; x_wconf 84' lang='lat' dir='ltr'>docebimus,</span> <span class='ocrx_word' id='word_1_258' title='bbox 1353 1829 1498 1893; x_wconf 85' lang='lat' dir='ltr'>rationes</span> <span class='ocrx_word' id='word_1_259' title='bbox 1518 1829 1559 1892; x_wconf 83' lang='lat' dir='ltr'>ed</span> <span class='ocrx_word' id='word_1_260' title='bbox 1581 1831 1613 1892; x_wconf 89' lang='lat' dir='ltr'>id</span> <span class='ocrx_word' id='word_1_261' title='bbox 1635 1831 1773 1914; x_wconf 83' lang='lat' dir='ltr'>proben-</span> 
     </span>
     <span class='ocr_line' id='line_1_51' title="bbox 1027 1929 1772 1998; baseline 0.012 -8"><span class='ocrx_word' id='word_1_262' title='bbox 1027 1929 1106 1991; x_wconf 86' lang='lat' dir='ltr'>dum</span> <span class='ocrx_word' id='word_1_263' title='bbox 1127 1929 1239 1993; x_wconf 78' lang='lat' dir='ltr'>allatas</span> <span class='ocrx_word' id='word_1_264' title='bbox 1265 1931 1299 1991; x_wconf 92' lang='lat' dir='ltr'>in</span> <span class='ocrx_word' id='word_1_265' title='bbox 1322 1930 1438 1994; x_wconf 81' lang='lat' dir='ltr'>fallace</span> <span class='ocrx_word' id='word_1_266' title='bbox 1464 1931 1675 1995; x_wconf 78' lang='lat' dir='ltr'>fundamento</span> <span class='ocrx_word' id='word_1_267' title='bbox 1702 1932 1772 1998; x_wconf 83' lang='lat' dir='ltr'>niti.</span> 
     </span>
     <span class='ocr_line' id='line_1_52' title="bbox 1026 2033 1781 2116; baseline 0.005 -24"><span class='ocrx_word' id='word_1_268' title='bbox 1026 2033 1180 2093; x_wconf 83' lang='lat' dir='ltr'>Ceterum</span> <span class='ocrx_word' id='word_1_269' title='bbox 1204 2052 1432 2116; x_wconf 81' lang='lat' dir='ltr'>nonnunquam</span> <span class='ocrx_word' id='word_1_270' title='bbox 1451 2056 1469 2095; x_wconf 90' lang='lat' dir='ltr'>a</span> <span class='ocrx_word' id='word_1_271' title='bbox 1488 2033 1676 2097; x_wconf 82' lang='lat' dir='ltr'>monetariis</span> <span class='ocrx_word' id='word_1_272' title='bbox 1697 2055 1781 2096; x_wconf 81' lang='lat' dir='ltr'>con-</span> 
     </span>
     <span class='ocr_line' id='line_1_53' title="bbox 1027 2132 1773 2198; baseline 0.003 -3"><span class='ocrx_word' id='word_1_273' title='bbox 1027 2132 1186 2195; x_wconf 85' lang='lat' dir='ltr'>sulatuum</span> <span class='ocrx_word' id='word_1_274' title='bbox 1195 2133 1371 2195; x_wconf 83' lang='lat' dir='ltr'>Domitiani</span> <span class='ocrx_word' id='word_1_275' title='bbox 1387 2132 1600 2197; x_wconf 82' lang='lat' dir='ltr'>suffectorum</span> <span class='ocrx_word' id='word_1_276' title='bbox 1614 2136 1773 2198; x_wconf 85' lang='lat' dir='ltr'>rationem</span> 
     </span>
     <span class='ocr_line' id='line_1_54' title="bbox 1026 2234 1783 2319; baseline 0.007 -25"><span class='ocrx_word' id='word_1_277' title='bbox 1026 2256 1091 2296; x_wconf 90' lang='lat' dir='ltr'>non</span> <span class='ocrx_word' id='word_1_278' title='bbox 1112 2234 1211 2296; x_wconf 79' lang='lat' dir='ltr'>inisse</span> <span class='ocrx_word' id='word_1_279' title='bbox 1232 2235 1387 2312; x_wconf 77' lang='lat' dir='ltr'>habitem,</span> <span class='ocrx_word' id='word_1_280' title='bbox 1405 2239 1593 2319; x_wconf 83' lang='lat' dir='ltr'>exemplum</span> <span class='ocrx_word' id='word_1_281' title='bbox 1609 2237 1703 2300; x_wconf 79' lang='lat' dir='ltr'>altius</span> <span class='ocrx_word' id='word_1_282' title='bbox 1720 2235 1783 2299; x_wconf 88' lang='lat' dir='ltr'>de·-</span> 
     </span>
     <span class='ocr_line' id='line_1_55' title="bbox 1027 2319 1738 2404; baseline 0.004 -5"><span class='ocrx_word' id='word_1_283' title='bbox 1027 2337 1132 2399; x_wconf 72' lang='lat' dir='ltr'>‹nmus</span> <span class='ocrx_word' id='word_1_284' title='bbox 1150 2335 1190 2400; x_wconf 71' lang='lat' dir='ltr'>aa</span> <span class='ocrx_word' id='word_1_285' title='bbox 1207 2358 1325 2399; x_wconf 66' lang='lat' dir='ltr'>annum</span> <span class='ocrx_word' id='word_1_286' title='bbox 1343 2339 1384 2404; x_wconf 87' lang='lat' dir='ltr'>v.</span> <span class='ocrx_word' id='word_1_287' title='bbox 1400 2340 1437 2403; x_wconf 86' lang='lat' dir='ltr'>e.</span> <span class='ocrx_word' id='word_1_288' title='bbox 1456 2338 1533 2404; x_wconf 64' lang='lat' dir='ltr'>oss.</span> <span class='ocrx_word' id='word_1_289' title='bbox 1733 2319 1738 2328; x_wconf 83' lang='grc'><em>“</em></span> 
     </span>
    </p>
   </div>
   <div class='ocr_carea' id='block_1_9' title="bbox 1220 2506 1587 2608">
    <p class='ocr_par' dir='ltr' id='par_1_9' title="bbox 1220 2506 1587 2608">
     <span class='ocr_line' id='line_1_56' title="bbox 1220 2506 1587 2608; baseline 0 -22"><span class='ocrx_word' id='word_1_290' title='bbox 1220 2506 1384 2608; x_wconf 66' lang='lat' dir='ltr'>Pontifex</span> <span class='ocrx_word' id='word_1_291' title='bbox 1404 2527 1587 2588; x_wconf 63' lang='lat' dir='ltr'>maximus-</span> 
     </span>
    </p>
   </div>
   <div class='ocr_carea' id='block_1_10' title="bbox 1025 2642 1782 3233">
    <p class='ocr_par' dir='ltr' id='par_1_10' title="bbox 1025 2642 1782 3233">
     <span class='ocr_line' id='line_1_57' title="bbox 1069 2642 1782 2705; baseline 0 -4"><span class='ocrx_word' id='word_1_292' title='bbox 1069 2642 1289 2705; x_wconf 89' lang='lat' dir='ltr'>Domitianum</span> <span class='ocrx_word' id='word_1_293' title='bbox 1321 2662 1388 2704; x_wconf 89' lang='lat' dir='ltr'>non</span> <span class='ocrx_word' id='word_1_294' title='bbox 1419 2643 1575 2705; x_wconf 83' lang='lat' dir='ltr'>continuo</span> <span class='ocrx_word' id='word_1_295' title='bbox 1610 2661 1683 2705; x_wconf 90' lang='lat' dir='ltr'>cum</span> <span class='ocrx_word' id='word_1_296' title='bbox 1717 2643 1782 2702; x_wconf 84' lang='lat' dir='ltr'>im·-</span> 
     </span>
     <span class='ocr_line' id='line_1_58' title="bbox 1026 2741 1781 2826; baseline -0.001 -21"><span class='ocrx_word' id='word_1_297' title='bbox 1026 2742 1121 2826; x_wconf 89' lang='lat' dir='ltr'>perio</span> <span class='ocrx_word' id='word_1_298' title='bbox 1152 2743 1292 2806; x_wconf 79' lang='lat' dir='ltr'>adivisse</span> <span class='ocrx_word' id='word_1_299' title='bbox 1326 2741 1547 2825; x_wconf 78' lang='lat' dir='ltr'>pontificatum</span> <span class='ocrx_word' id='word_1_300' title='bbox 1582 2743 1781 2818; x_wconf 79' lang='lat' dir='ltr'>maximum,</span> 
     </span>
     <span class='ocr_line' id='line_1_59' title="bbox 1026 2843 1772 2928; baseline -0.008 -18"><span class='ocrx_word' id='word_1_301' title='bbox 1026 2865 1141 2910; x_wconf 77' lang='lat' dir='ltr'>rerum</span> <span class='ocrx_word' id='word_1_302' title='bbox 1172 2845 1334 2928; x_wconf 81' lang='lat' dir='ltr'>eliquanto</span> <span class='ocrx_word' id='word_1_303' title='bbox 1363 2844 1486 2920; x_wconf 87' lang='lat' dir='ltr'>scrius,</span> <span class='ocrx_word' id='word_1_304' title='bbox 1516 2843 1656 2926; x_wconf 86' lang='lat' dir='ltr'>probant</span> <span class='ocrx_word' id='word_1_305' title='bbox 1681 2845 1772 2904; x_wconf 82' lang='lat' dir='ltr'>numi</span> 
     </span>
     <span class='ocr_line' id='line_1_60' title="bbox 1026 2943 1774 3028; baseline -0.007 -17"><span class='ocrx_word' id='word_1_306' title='bbox 1026 2946 1067 3011; x_wconf 86' lang='lat' dir='ltr'>ad</span> <span class='ocrx_word' id='word_1_307' title='bbox 1092 2968 1209 3009; x_wconf 88' lang='lat' dir='ltr'>annum</span> <span class='ocrx_word' id='word_1_308' title='bbox 1231 2948 1273 3012; x_wconf 87' lang='lat' dir='ltr'>V.</span> <span class='ocrx_word' id='word_1_309' title='bbox 1292 2946 1328 3009; x_wconf 86' lang='lat' dir='ltr'>C.</span> <span class='ocrx_word' id='word_1_310' title='bbox 1348 2945 1410 3019; x_wconf 70' lang='grc'>834</span> <span class='ocrx_word' id='word_1_311' title='bbox 1434 2943 1609 3027; x_wconf 87' lang='lat' dir='ltr'>descripti,</span> <span class='ocrx_word' id='word_1_312' title='bbox 1641 2945 1673 3003; x_wconf 92' lang='lat' dir='ltr'>in</span> <span class='ocrx_word' id='word_1_313' title='bbox 1696 2965 1774 3028; x_wconf 90' lang='lat' dir='ltr'>quo-</span> 
     </span>
     <span class='ocr_line' id='line_1_61' title="bbox 1025 3042 1777 3130; baseline -0.008 -19"><span class='ocrx_word' id='word_1_314' title='bbox 1025 3071 1098 3111; x_wconf 89' lang='lat' dir='ltr'>rum</span> <span class='ocrx_word' id='word_1_315' title='bbox 1123 3049 1194 3121; x_wconf 75' lang='lat' dir='ltr'>eliis</span> <span class='ocrx_word' id='word_1_316' title='bbox 1215 3070 1277 3111; x_wconf 89' lang='lat' dir='ltr'>una</span> <span class='ocrx_word' id='word_1_317' title='bbox 1298 3044 1372 3110; x_wconf 85' lang='lat' dir='ltr'>cirm</span> <span class='ocrx_word' id='word_1_318' title='bbox 1392 3047 1532 3130; x_wconf 79' lang='lat' dir='ltr'>Augusti</span> <span class='ocrx_word' id='word_1_319' title='bbox 1550 3042 1777 3129; x_wconf 77' lang='lat' dir='ltr'>appellatione</span> 
     </span>
     <span class='ocr_line' id='line_1_62' title="bbox 1026 3135 1778 3233; baseline -0.003 -21"><span class='ocrx_word' id='word_1_320' title='bbox 1026 3150 1145 3213; x_wconf 90' lang='lat' dir='ltr'>dicitur</span> <span class='ocrx_word' id='word_1_321' title='bbox 1155 3150 1347 3233; x_wconf 84' lang='lat' dir='ltr'>simpliciter</span> <span class='ocrx_word' id='word_1_322' title='bbox 1355 3135 1502 3228; x_wconf 70' lang='lat' dir='ltr'>Portu,</span> <span class='ocrx_word' id='word_1_323' title='bbox 1516 3148 1630 3212; x_wconf 84' lang='lat' dir='ltr'>in&#39;aliis</span> <span class='ocrx_word' id='word_1_324' title='bbox 1639 3147 1778 3210; x_wconf 57' lang='lat' dir='ltr'>PON&#39;tx</span> 
     </span>
    </p>
   </div>
   <div class='ocr_carea' id='block_1_11' title="bbox 1334 3440 1467 3501">
    <p class='ocr_par' dir='ltr' id='par_1_11' title="bbox 1334 3440 1467 3501">
     <span class='ocr_line' id='line_1_63' title="bbox 1334 3440 1467 3501; baseline -0.023 0"><span class='ocrx_word' id='word_1_325' title='bbox 1334 3440 1467 3501; x_wconf 66' lang='lat' dir='ltr'>Censen</span> 
     </span>
    </p>
   </div>
   <div class='ocr_carea' id='block_1_12' title="bbox 1024 3553 1837 4251">
    <p class='ocr_par' dir='ltr' id='par_1_12' title="bbox 1024 3553 1837 4251">
     <span class='ocr_line' id='line_1_64' title="bbox 1069 3553 1780 3640; baseline 0.001 -22"><span class='ocrx_word' id='word_1_326' title='bbox 1069 3558 1186 3620; x_wconf 77' lang='lat' dir='ltr'>Narrat</span> <span class='ocrx_word' id='word_1_327' title='bbox 1215 3559 1285 3620; x_wconf 35' lang='lat' dir='ltr'>Dio*</span> <span class='ocrx_word' id='word_1_328' title='bbox 1304 3560 1353 3638; x_wconf 78' lang='lat' dir='ltr'>t),</span> <span class='ocrx_word' id='word_1_329' title='bbox 1386 3553 1572 3618; x_wconf 80' lang='lat' dir='ltr'>Domitiano</span> <span class='ocrx_word' id='word_1_330' title='bbox 1604 3555 1644 3618; x_wconf 88' lang='lat' dir='ltr'>ab</span> <span class='ocrx_word' id='word_1_331' title='bbox 1675 3577 1780 3640; x_wconf 59' lang='lat' dir='ltr'>cuper</span> 
     </span>
     <span class='ocr_line' id='line_1_65' title="bbox 1027 3656 1772 3722; baseline 0.004 -4"><span class='ocrx_word' id='word_1_332' title='bbox 1027 3659 1151 3721; x_wconf 85' lang='lat' dir='ltr'>ditione</span> <span class='ocrx_word' id='word_1_333' title='bbox 1173 3658 1364 3722; x_wconf 79' lang='lat' dir='ltr'>Germanice</span> <span class='ocrx_word' id='word_1_334' title='bbox 1394 3677 1530 3721; x_wconf 83' lang='lat' dir='ltr'>reverso</span> <span class='ocrx_word' id='word_1_335' title='bbox 1559 3656 1730 3721; x_wconf 86' lang='lat' dir='ltr'>decretum</span> <span class='ocrx_word' id='word_1_336' title='bbox 1753 3683 1772 3721; x_wconf 92' lang='lat' dir='ltr'>a</span> 
     </span>
     <span class='ocr_line' id='line_1_66' title="bbox 1026 3758 1774 3844; baseline -0.003 -22"><span class='ocrx_word' id='word_1_337' title='bbox 1026 3770 1160 3837; x_wconf 79' lang='lat' dir='ltr'>senatu,</span> <span class='ocrx_word' id='word_1_338' title='bbox 1189 3774 1244 3837; x_wconf 84' lang='lat' dir='ltr'>ut,</span> <span class='ocrx_word' id='word_1_339' title='bbox 1271 3759 1358 3844; x_wconf 90' lang='lat' dir='ltr'>quod</span> <span class='ocrx_word' id='word_1_340' title='bbox 1385 3759 1514 3822; x_wconf 82' lang='lat' dir='ltr'>nemini</span> <span class='ocrx_word' id='word_1_341' title='bbox 1536 3758 1642 3824; x_wconf 85' lang='lat' dir='ltr'>adbuc</span> <span class='ocrx_word' id='word_1_342' title='bbox 1670 3760 1774 3824; x_wconf 88' lang='lat' dir='ltr'>conti·</span> 
     </span>
     <span class='ocr_line' id='line_1_67' title="bbox 1026 3859 1773 3946; baseline 0.003 -25"><span class='ocrx_word' id='word_1_343' title='bbox 1026 3863 1089 3946; x_wconf 87' lang='lat' dir='ltr'>git,</span> <span class='ocrx_word' id='word_1_344' title='bbox 1121 3882 1234 3923; x_wconf 81' lang='lat' dir='ltr'>censor</span> <span class='ocrx_word' id='word_1_345' title='bbox 1256 3872 1434 3942; x_wconf 78' lang='lat' dir='ltr'>perpetuus</span> <span class='ocrx_word' id='word_1_346' title='bbox 1457 3863 1604 3944; x_wconf 70' lang='grc' dir='ltr'>(τιμητιις</span> <span class='ocrx_word' id='word_1_347' title='bbox 1622 3859 1674 3923; x_wconf 78' lang='lat' dir='ltr'>dm</span> <span class='ocrx_word' id='word_1_348' title='bbox 1694 3864 1773 3943; x_wconf 79' lang='grc' dir='ltr'>βιου)</span> 
     </span>
     <span class='ocr_line' id='line_1_68' title="bbox 1025 3962 1780 4048; baseline 0 -23"><span class='ocrx_word' id='word_1_349' title='bbox 1025 3962 1263 4045; x_wconf 79' lang='lat' dir='ltr'>designaretur.</span> <span class='ocrx_word' id='word_1_350' title='bbox 1293 3962 1524 4026; x_wconf 84' lang='lat' dir='ltr'>Tillemontius</span> <span class='ocrx_word' id='word_1_351' title='bbox 1545 3984 1615 4027; x_wconf 80' lang='lat' dir='ltr'>eam</span> <span class='ocrx_word' id='word_1_352' title='bbox 1640 3963 1780 4048; x_wconf 77' lang='lat' dir='ltr'>expeti-</span> 
     </span>
     <span class='ocr_line' id='line_1_69' title="bbox 1024 4062 1773 4147; baseline 0.001 -21"><span class='ocrx_word' id='word_1_353' title='bbox 1024 4065 1147 4128; x_wconf 86' lang='lat' dir='ltr'>tionem</span> <span class='ocrx_word' id='word_1_354' title='bbox 1169 4062 1242 4147; x_wconf 80' lang='lat' dir='ltr'>tigit</span> <span class='ocrx_word' id='word_1_355' title='bbox 1263 4064 1303 4125; x_wconf 82' lang='lat' dir='ltr'>ed</span> <span class='ocrx_word' id='word_1_356' title='bbox 1325 4085 1443 4126; x_wconf 79' lang='lat' dir='ltr'>anunm</span> <span class='ocrx_word' id='word_1_357' title='bbox 1465 4067 1506 4131; x_wconf 87' lang='lat' dir='ltr'>V.</span> <span class='ocrx_word' id='word_1_358' title='bbox 1528 4067 1565 4130; x_wconf 84' lang='lat' dir='ltr'>C.</span> <span class='ocrx_word' id='word_1_359' title='bbox 1587 4064 1661 4130; x_wconf 78' lang='lat'><strong>836.</strong></span> <span class='ocrx_word' id='word_1_360' title='bbox 1706 4067 1773 4129; x_wconf 71' lang='lat' dir='ltr'>Ve-</span> 
     </span>
     <span class='ocr_line' id='line_1_70' title="bbox 1024 4163 1837 4251; baseline 0 -23"><span class='ocrx_word' id='word_1_361' title='bbox 1024 4189 1095 4228; x_wconf 87' lang='lat' dir='ltr'>rum</span> <span class='ocrx_word' id='word_1_362' title='bbox 1119 4186 1192 4229; x_wconf 91' lang='lat' dir='ltr'>cum</span> <span class='ocrx_word' id='word_1_363' title='bbox 1214 4165 1304 4228; x_wconf 88' lang='lat' dir='ltr'>numi</span> <span class='ocrx_word' id='word_1_364' title='bbox 1324 4163 1529 4251; x_wconf 70' lang='lat' dir='ltr'>Hediobarbi</span> <span class='ocrx_word' id='word_1_365' title='bbox 1552 4166 1770 4230; x_wconf 73' lang='lat' dir='ltr'>Domitianum</span> <span class='ocrx_word' id='word_1_366' title='bbox 1835 4236 1837 4243; x_wconf 13' lang='grc' dir='ltr'>χ</span> 
     </span>
    </p>
   </div>
   <div class='ocr_carea' id='block_1_13' title="bbox 226 4495 1768 4664">
    <p class='ocr_par' dir='ltr' id='par_1_13' title="bbox 226 4495 1768 4664">
     <span class='ocr_line' id='line_1_71' title="bbox 257 4495 1768 4574; baseline 0 -18"><span class='ocrx_word' id='word_1_367' title='bbox 257 4507 283 4572; x_wconf 74' lang='lat' dir='ltr'>a]</span> <span class='ocrx_word' id='word_1_368' title='bbox 310 4504 342 4558; x_wconf 87' lang='lat' dir='ltr'>In</span> <span class='ocrx_word' id='word_1_369' title='bbox 359 4502 547 4559; x_wconf 59' lang='lat' dir='ltr'>Domitor</span> <span class='ocrx_word' id='word_1_370' title='bbox 624 4497 658 4567; x_wconf 85' lang='lat' dir='ltr'>b)</span> <span class='ocrx_word' id='word_1_371' title='bbox 681 4498 754 4572; x_wconf 88' lang='lat' dir='ltr'>Cap.</span> <span class='ocrx_word' id='word_1_372' title='bbox 775 4509 816 4559; x_wconf 80' lang='lat' dir='ltr'>t5.</span> <span class='ocrx_word' id='word_1_373' title='bbox 892 4500 922 4568; x_wconf 66' lang='lat' dir='ltr'>c)</span> <span class='ocrx_word' id='word_1_374' title='bbox 942 4498 974 4552; x_wconf 90' lang='lat' dir='ltr'>In</span> <span class='ocrx_word' id='word_1_375' title='bbox 990 4499 1107 4571; x_wconf 73' lang='lat' dir='ltr'>gratier.</span> <span class='ocrx_word' id='word_1_376' title='bbox 1126 4499 1242 4555; x_wconf 87' lang='lat' dir='ltr'>actione</span> <span class='ocrx_word' id='word_1_377' title='bbox 1256 4516 1311 4574; x_wconf 85' lang='lat' dir='ltr'>pro</span> <span class='ocrx_word' id='word_1_378' title='bbox 1328 4497 1481 4556; x_wconf 79' lang='lat' dir='ltr'>consulatu</span> <span class='ocrx_word' id='word_1_379' title='bbox 1496 4495 1535 4553; x_wconf 75' lang='lat' dir='ltr'>nd</span> <span class='ocrx_word' id='word_1_380' title='bbox 1551 4497 1724 4556; x_wconf 73' lang='lat' dir='ltr'>Gratianum</span> <span class='ocrx_word' id='word_1_381' title='bbox 1743 4520 1768 4556; x_wconf 82' lang='lat' dir='ltr'>c.</span> 
     </span>
     <span class='ocr_line' id='line_1_72' title="bbox 226 4585 1767 4664; baseline 0.001 -20"><span class='ocrx_word' id='word_1_382' title='bbox 226 4605 263 4648; x_wconf 59' lang='grc' dir='ltr'>ιέ.</span> <span class='ocrx_word' id='word_1_383' title='bbox 342 4591 375 4662; x_wconf 84' lang='lat' dir='ltr'>d)</span> <span class='ocrx_word' id='word_1_384' title='bbox 397 4592 427 4645; x_wconf 82' lang='lat' dir='ltr'>tt.</span> <span class='ocrx_word' id='word_1_385' title='bbox 445 4594 477 4645; x_wconf 87' lang='lat' dir='ltr'>L.</span> <span class='ocrx_word' id='word_1_386' title='bbox 496 4589 570 4643; x_wconf 80' lang='lat' dir='ltr'>llist.</span> <span class='ocrx_word' id='word_1_387' title='bbox 591 4590 625 4645; x_wconf 88' lang='lat' dir='ltr'>T.</span> <span class='ocrx_word' id='word_1_388' title='bbox 644 4587 708 4644; x_wconf 85' lang='lat' dir='ltr'>xtt.</span> <span class='ocrx_word' id='word_1_389' title='bbox 728 4600 834 4663; x_wconf 77' lang='lat' dir='ltr'>p.5t.3.</span> <span class='ocrx_word' id='word_1_390' title='bbox 890 4592 922 4658; x_wconf 82' lang='lat' dir='ltr'>e)</span> <span class='ocrx_word' id='word_1_391' title='bbox 943 4586 1016 4644; x_wconf 83' lang='lat' dir='ltr'>ttist.</span> <span class='ocrx_word' id='word_1_392' title='bbox 1035 4589 1109 4661; x_wconf 86' lang='lat' dir='ltr'>Aug.</span> <span class='ocrx_word' id='word_1_393' title='bbox 1132 4585 1171 4642; x_wconf 86' lang='lat' dir='ltr'>ad</span> <span class='ocrx_word' id='word_1_394' title='bbox 1191 4607 1307 4645; x_wconf 82' lang='lat' dir='ltr'>entium</span> <span class='ocrx_word' id='word_1_395' title='bbox 1320 4585 1460 4659; x_wconf 78' lang='lat' dir='ltr'><strong>P.X.96.</strong></span> <span class='ocrx_word' id='word_1_396' title='bbox 1555 4588 1582 4656; x_wconf 84' lang='lat' dir='ltr'>I)</span> <span class='ocrx_word' id='word_1_397' title='bbox 1610 4589 1767 4664; x_wconf 72' lang='lat' dir='ltr'>Animedr.</span> 
     </span>
    </p>
   </div>
   <div class='ocr_carea' id='block_1_14' title="bbox 226 4674 1194 4753">
    <p class='ocr_par' dir='ltr' id='par_1_14' title="bbox 226 4674 1194 4753">
     <span class='ocr_line' id='line_1_73' title="bbox 226 4674 1194 4753; baseline 0.004 -19"><span class='ocrx_word' id='word_1_398' title='bbox 226 4680 270 4736; x_wconf 74' lang='grc' dir='ltr'>Π.</span> <span class='ocrx_word' id='word_1_399' title='bbox 290 4683 318 4736; x_wconf 82' lang='grc' dir='ltr'>ιιι</span> <span class='ocrx_word' id='word_1_400' title='bbox 338 4701 416 4737; x_wconf 84' lang='grc' dir='ltr'>ιιιιιιι.</span> <span class='ocrx_word' id='word_1_401' title='bbox 434 4700 507 4736; x_wconf 86' lang='lat' dir='ltr'>mus.</span> <span class='ocrx_word' id='word_1_402' title='bbox 525 4679 623 4735; x_wconf 82' lang='lat' dir='ltr'>Pisani</span> <span class='ocrx_word' id='word_1_403' title='bbox 646 4700 672 4753; x_wconf 86' lang='lat' dir='ltr'>p.</span> <span class='ocrx_word' id='word_1_404' title='bbox 694 4689 829 4738; x_wconf 56' lang='lat'>11:125.</span> <span class='ocrx_word' id='word_1_405' title='bbox 894 4687 924 4752; x_wconf 73' lang='lat' dir='ltr'>g)</span> <span class='ocrx_word' id='word_1_406' title='bbox 944 4677 975 4731; x_wconf 83' lang='lat' dir='ltr'>l·-</span> <span class='ocrx_word' id='word_1_407' title='bbox 990 4674 1105 4734; x_wconf 78' lang='lat' dir='ltr'>LXVII·</span> <span class='ocrx_word' id='word_1_408' title='bbox 1123 4677 1147 4750; x_wconf 65' lang='lat' dir='ltr'>b</span> <span class='ocrx_word' id='word_1_409' title='bbox 1161 4688 1194 4738; x_wconf 60' lang='lat'>4«</span> 
     </span>
    </p>
   </div>
   <div class='ocr_carea' id='block_1_15' title="bbox 1378 4767 1537 4829">
    <p class='ocr_par' dir='ltr' id='par_1_15' title="bbox 1378 4767 1537 4829">
     <span class='ocr_line' id='line_1_74' title="bbox 1378 4767 1537 4829; baseline -0.006 -1"><span class='ocrx_word' id='word_1_410' title='bbox 1378 4767 1537 4829; x_wconf 67' lang='lat' dir='ltr'>ntur</span> 
     </span>
    </p>
   </div>
   <div class='ocr_carea' id='block_1_16' title="bbox 0 0 2010 5370">
    <p class='ocr_par' dir='ltr' id='par_1_16' title="bbox 0 0 2010 5370">
     <span class='ocr_line' id='line_1_75' title="bbox 0 0 2010 5370; baseline 0 0"><span class='ocrx_word' id='word_1_411' title='bbox 0 0 2010 5370; x_wconf 95' lang='lat' dir='ltr'> </span> 
     </span>
    </p>
   </div>
  </div>
 </body>
</html>
