4012 5370
858 464 1146 538 ‚ANTONIA
1703 493 1773 560 131

492 678 513 719 ,
599 633 640 670 '⁸'
701 677 720 714 „
844 650 848 660 ·
1030 636 1084 711 adi,
1116 637 1203 721 quod
1227 636 1308 700 alios
1328 634 1476 701 Corinthi
1500 655 1616 703 numos
1634 643 1775 726 egregie

232 741 417 806 commatis
434 737 615 819 peregrini.
1033 737 1214 814 illustrant,
1244 751 1275 800 et
1298 741 1447 824 quidem,
1466 762 1555 825 quos
1573 760 1619 804 ea
1636 758 1776 826 propter

351 833 583 903 ANTONIA.
602 829 841 900 ΣΕΒΑΣΤΗ.
868 836 974 917 Caput
1026 837 1085 901 >luia
1107 838 1305 924 descriptum
1324 861 1380 905 eo:

348 940 512 1003 muliebre
527 941 683 1000 uelatum.
1193 944 1229 1005 C.
1257 945 1438 1009 CAESAR.
1466 942 1624 1012 AVGVS.
1669 935 1775 1031 Cupra

230 1040 271 1112 Γ.
290 1036 489 1106 ΚΑΙΣΑΡ.
510 1032 781 1105 ΣΕΒΑΣΤΟΣ.
799 1032 977 1099 ΘΕΣΣΑ-
1195 1049 1329 1109 nudum.

231 1137 505 1210 AoNutEssN.
526 1143 630 1218 Caput
645 1142 834 1222 Cullr'gulue
847 1143 976 1202 laureu-
1029 1147 1077 1208 M.
1095 1145 1269 1210 Baculo.
1288 1147 1510 1214 PROCVLO.
1532 1149 1651 1215 11V1R.
1675 1148 1773 1214 COR.

232 1261 311 1311 tum.
332 1247 404 1307 ΔΕ.
420 1246 458 1303 11.
475 1242 641 1322 (Pelleriu
660 1241 738 1302 Met.
751 1245 790 1306 ll.
809 1245 925 1324 murs)
1033 1251 1181 1328 Pegasus
1199 1251 1323 1310 uolens.
1346 1251 1458 1331 (Vaill.
1477 1252 1562 1312 Mus.
1579 1250 1691 1330 Caes.)

293 1349 347 1409 Ex
373 1347 436 1407 hoe
458 1365 557 1406 numo
578 1342 662 1404 alter
682 1342 754 1404 lere
772 1343 887 1404 similis
906 1347 974 1405 Mo-
1195 1351 1319 1412 Eadem
1341 1355 1488 1412 aduersu.
1749 1404 1750 1407 ,

228 1449 317 1514 souti
332 1444 549 1530 corrigendos
570 1457 636 1520 est,
663 1445 719 1527 qui
739 1465 801 1526 pro
823 1441 862 1508 Γ.
877 1445 984 1536 ΚΑΙ-Ἴ]
1029 1448 1519 1515 P.v1PsaN10..tGu1PPA.
1538 1451 1653 1518 ttvtu.
1673 1451 1774 1514 COR.

229 1544 336 1614 2AP.
355 1549 438 1632 legit
455 1549 497 1611 T.
515 1545 710 1622 KAIZAP,
737 1569 801 1632 quo
821 1548 856 1608 in
873 1568 971 1610 nuruo
1031 1554 1177 1633 Pegasus
1194 1553 1319 1614 voleus.
1343 1553 1456 1634 (Vaill.
1473 1556 1556 1617 Mus.
1573 1554 1683 1636 Caes.)

228 1654 473 1733 Revereampos
495 1674 530 1710 w
555 1649 585 1708 T
608 1648 690 1731 legit
711 1649 871 1730 Triarium
893 1650 971 1712 oum
1087 1652 1240 1728 Petinus,
1263 1654 1473 1732 Vaillantius,
1494 1655 1698 1728 Haeduinus,
1719 1677 1773 1717 au·

226 1775 307 1820 vcro
335 1754 402 1816 hoc
430 1753 611 1835 imperante
639 1753 779 1814 Antonia
806 1755 971 1835 Augustae
1031 1765 1103 1814 otor
1130 1755 1234 1816 musei
1263 1755 1445 1836 Theapoli,
1475 1756 1597 1840 aliique
1624 1757 1657 1817 in
1687 1756 1771 1817 binis

225 1857 320 1921 titulo
355 1854 467 1937 gavisa
500 1852 642 1915 nondum
680 1855 797 1929 fuerit,
840 1870 969 1929 censet,
1029 1853 1082 1916 hic
1100 1853 1270 1937 descriptis
1286 1858 1392 1917 numia
1413 1870 1507 1939 caput
1525 1857 1665 1939 Augusti
1684 1856 1772 1919 ride·

226 1979 359 2022 numum
399 1956 561 2038 signatum
600 1955 658 2016 sub
694 1955 847 2032 Claudio,
885 1970 917 2018 et
953 1979 970 2017 a
1028 1969 1112 2016 runt.
1156 1957 1237 2018 Cum
1270 1959 1453 2041 catalogum
1487 1959 1591 2020 musei
1620 1958 1773 2020 Caesarei

226 2056 577 2123 Thessalonicensibus
607 2072 668 2119 tam
699 2056 969 2141 Tiberii,·quam
1028 2072 1259 2133 contexerem,
1294 2079 1357 2121 non
1388 2074 1452 2120 tum
1483 2060 1600 2121 horum
1634 2059 1773 2120 auctori·

224 2161 386 2225 Antoniae
425 2161 617 2223 memoriam
659 2172 859 2222 renovatam.
904 2160 970 2221 Sed
1028 2172 1127 2222 tatem
1158 2173 1305 2234 secutus,
1344 2182 1440 2243 quem
1473 2160 1560 2246 quod
1589 2161 1706 2243 signati
1739 2163 1771 2221 in

225 2285 301 2327 nro
329 2261 361 2321 T
390 2263 498 2325 solum
528 2262 568 2323 ad
597 2259 772 2323 notandum
800 2261 969 2325 Tiberium
1028 2274 1167 2342 utroque
1204 2263 1308 2324 musei
1342 2253 1495 2326 Caesarei
1530 2282 1628 2324 numo
1664 2263 1771 2327 vultus

224 2385 286 2449 pso
301 2363 361 2425 Tu
381 2366 531 2446 ponitur,
554 2376 647 2425 etex
665 2384 763 2425 numo
780 2364 972 2426 Pellcrinia·
1029 2363 1209 2446 Augustum
1226 2384 1291 2424 non
1310 2363 1526 2439 diffiteantur,
1547 2386 1604 2427 eos
1623 2367 1770 2448 Augusto

224 2486 268 2528 uo
295 2465 488 2548 plusquam
513 2464 688 2526 verisimile
712 2478 779 2539 est,
810 2467 971 2528 aMorel-
1028 2463 1175 2526 tribuere
1199 2486 1264 2527 nou
1288 2464 1448 2539 dubitavi,
1480 2486 1552 2529 cum
1572 2480 1681 2528 tamen
1700 2487 1771 2527 eos·

223 2566 271 2628 tio
295 2567 416 2628 lectum
440 2566 473 2626 T
494 2586 556 2648 pro
581 2561 623 2640 Γ,
657 2565 689 2624 iu
719 2565 835 2648 quibus
866 2567 970 2629 literis
1029 2567 1104 2628 dem
1134 2567 1299 2649 Caligulae
1325 2568 1508 2630 tribuerent
1530 2568 1702 2631 Morellius
1725 2570 1770 2649 ³),

225 2676 322 2752 sa'epe
341 2668 382 2729 ab
401 2667 589 2752 antiquariis
615 2676 785 2747 peccatum
810 2668 970 2732 novimus.
1028 2681 1062 2727 et
1089 2668 1286 2751 Pellerinius
1310 2666 1353 2751 b).
1388 2669 1591 2731 Obiit-nialus
1615 2689 1708 2729 eram
1736 2669 1769 2728 iu
1871 2743 1878 2758 .

224 2752 438 2853 Ergolitera
460 2765 501 2835 Γ.
521 2768 759 2851 intelligendus
776 2764 872 2842 Γαῖος
890 2770 971 2831 ΟαΙί·
1028 2789 1099 2829 mee
1122 2771 1299 2846 sententia,
1327 2772 1412 2854 quod
1441 2771 1476 2830 in
1505 2771 1555 2830 his
1584 2771 1689 2830 nuruis
1717 2791 1772 2852 ap·

225 2873 310 2955 gula.
1027 2869 1161 2952 pelletio
1186 2870 1378 2931 Germanici
1392 2871 1492 2945 desit,
1510 2890 1592 2952 quae
1612 2871 1644 2929 in
1663 2871 1769 2932 numis

284 2971 435 3034 Alterius
451 2970 542 3033 urbis
558 2972 703 3037 Graecae
718 2973 807 3034 numi
825 2993 889 3034 uon
905 2994 972 3036 me·

224 3087 411 3149 urantur,
443 3063 592 3155 dempto,
622 3095 719 3158 quem
734 3095 837 3160 'supra
857 3073 968 3151 citavi,

220 3197 286 3238 nus
304 3196 381 3239 cum
400 3177 506 3258 capite
523 3175 632 3241 Drusi.

481 3275 710 3361 fi'fi

288 3380 451 3441 Coloniae
470 3376 618 3439 Corinthi
638 3399 753 3440 numos
776 3397 849 3440 cum
870 3379 968 3441 Anto·

221 3479 296 3545 nisa
315 3478 423 3562 eapite
442 3478 614 3541 babemus:

365 3579 577 3644 ANTONlA.
602 3579 820 3647 AVGVSTA.
861 3580 969 3656 Hujus

367 3698 478 3762 caput.

223 3785 269 3846 Ι.
288 3783 467 3848 BELLIO.
488 3782 846 3849 PROCVLO.11VIR.
867 3781 967 3846 COR.

221 3887 346 3969 dupla
371 3889 601 3965 cornucopiam
636 3884 800 3965 (Pellerin
825 3887 906 3950 Rcc.
927 3887 965 3945 ll.

220 4010 254 4074 p.
268 3989 312 4057 V.
335 3987 421 4050 Phil.
442 3987 565 4054 Veneti
593 3986 735 4050 duoden.
757 4008 844 4049 num.
868 3967 967 4069 expo·

218 4092 290 4174 sir.)

283 4194 395 4257 Alius
419 4192 557 4267 similis,
584 4195 656 4254 sed:
688 4191 725 4254 P.
745 4190 964 4258 VIPSANIO.
992 4234 996 4240 -

219 4293 421 4360 nomm.
441 4292 557 4356 uvltt.
579 4294 741 4375 (Theop.)

281 4397 329 4459 ni
343 4392 452 4470 numi,
470 4409 505 4456 ut
520 4416 580 4479 per
597 4417 631 4458 se
650 4409 785 4479 propter
799 4395 964 4457 raritatem

219 4499 367 4583 hugues
387 4511 478 4575 sunt,
500 4498 546 4562 sic
566 4498 660 4561 etism
679 4519 720 4561 eo
740 4497 966 4561 commendau-

1029 2969 1194 3052 Caligulae
1219 2990 1293 3032 cum
1318 2974 1485 3033 commatis
1505 2975 1544 3034 R.
1564 2970 1677 3032 saltem
1704 2972 1770 3054 pri·

1027 3093 1154 3134 morum
1184 3093 1360 3146 annorum,
1391 3085 1458 3133 tum
1487 3073 1689 3134 coloniarum
1717 3073 1772 3135 ab·

1027 3194 1098 3237 esse
1133 3173 1187 3236 vix
1221 3193 1361 3256 unquam
1393 3174 1487 3238 solet.
1531 3176 1770 3258 Argumentum
1827 3240 1831 3245 ,

1026 3276 1242 3357 Havercampi
1268 3275 1333 3337 -hos
1362 3297 1477 3338 numos
1506 3277 1673 3360 Caligulae
1703 3277 1771 3340 riu·

1026 3377 1177 3454 dicentis,
1199 3375 1287 3461 quod
1309 3392 1441 3458 praeter
1466 3377 1573 3441 vultus
1594 3367 1770 3457 lineamen-

1025 3492 1076 3554 ta,
1114 3491 1150 3538 ut
1182 3478 1383 3561 praetendit,
1423 3479 1517 3540 etiem
1548 3496 1768 3562 praeponatur

1025 3601 1225 3663 praenomen
1248 3578 1316 3662 Caji
1335 3581 1483 3661 Augusto
1502 3579 1668 3661 Caligulae
1694 3604 1768 3665 pro·

1024 3682 1149 3764 prium,
1186 3682 1289 3743 minus
1323 3679 1452 3742 firmum
1489 3695 1539 3742 est
1573 3675 1764 3763 propterea,

1025 3783 1113 3866 quod
1134 3783 1203 3865 ipse
1226 3785 1391 3864 Augustus
1418 3784 1452 3842 iu
1479 3783 1585 3844 nuruis
1614 3797 1678 3845 taur
1701 3787 1782 3845 tto:

1023 3885 1142 3958 manis,
1176 3906 1269 3966 quam
1304 3886 1505 3947 coloniarum
1531 3885 1604 3966 ‘Caji
1635 3906 1763 3970 quoquo

1022 4005 1221 4068 praenomen
1264 4000 1416 4069 usurpem
1459 3987 1506 4048 sie
1529 4007 1626 4049 numo
1659 3988 1764 4071 gentis

1024 4087 1176 4151 Caniniae
1200 4088 1403 4151 inscribitur:
1437 4089 1473 4152 C.
1497 4090 1531 4153 C.
1555 4089 1762 4164 AVGVs'rl,

1024 4205 1058 4252 et
1087 4191 1173 4254 idem
1203 4191 1236 4251 in
1266 4212 1363 4252 numo
1386 4191 1656 4273 Caesaraugustae
1686 4189 1764 4252 dici·

1024 4305 1094 4368 turs
1125 4293 1160 4356 C.
1182 4292 1365 4357 CAESAR.
1385 4292 1572 4360 AVGVST.
1596 4279 1625 4370 ⁰)
1641 4290 1674 4350 in
1697 4312 1761 4374 quo

1021 4409 1090 4457 tum
1115 4384 1359 4475 Havercampus
1383 4393 1472 4475 ipse,
1498 4407 1565 4454 tum
1588 4393 1761 4456 Floreuius

1023 4511 1118 4581 caput
1138 4496 1277 4580 Augusti
1299 4506 1488 4578 agnoscunt.
1517 4493 1623 4557 Aliter
1644 4496 1761 4559 sensis·

255 4704 546 4781 a)1nnum.Calig.
619 4705 655 4777 b)
676 4703 743 4760 Mel.
759 4704 779 4761 1.
794 4723 823 4779 p.
835 4707 896 4767 262.
973 4705 1003 4776 c)
1024 4701 1286 4776 llorelliiugeute
1306 4700 1444 4767 Caninio,
1463 4699 1577 4758 Florus.
