3998 5340
354 501 423 566 xn
894 472 1379 574 eaanrar1o

364 673 695 759 nundinantium
714 699 800 756 non
829 675 1097 778 necessaria,
1126 670 1503 756 enumeraturum
1529 674 1693 754 tantalis
1713 689 1849 779 earet,
1882 693 1926 760 et

365 814 800 928 numismatogmpizia
823 817 1006 895 nonnisi
1023 813 1084 896 ad
1103 811 1375 897 vendendum
1401 818 1596 930 instituta
1625 829 1749 897 esset
1791 820 1927 902 Acce·

366 963 471 1050 dunt
497 958 669 1044 loannes
692 958 926 1042 Harduinus
950 959 1016 1042 vir
1041 958 1175 1072 gravis
1212 969 1255 1040 et
1283 981 1440 1064 verast,
1471 983 1568 1039 cum
1600 985 1747 1071 sapere
1777 958 1925 1074 libuit,

364 1101 537 1187 Carolus
554 1099 724 1183 Patinus
757 1098 801 1180 in
831 1096 992 1202 numis,
1023 1122 1126 1207 quos
1158 1095 1248 1207 ipse
1282 1093 1409 1202 vidit,
1455 1091 1702 1181 Laurentius
1738 1099 1926 1215 Begerus

365 1239 410 1322 in
429 1234 651 1322 Thesauro
668 1227 1058 1346 Brandenburgico,
1086 1228 1238 1316 Pauhrs
1269 1227 1491 1316 Pedmsius
1522 1233 1566 1317 iu
1595 1233 1744 1319 Museo
1769 1236 1924 1323 Fame·

365 1376 452 1482 sio,
480 1373 699 1457 anselmus
721 1369 982 1477 Bandurius,
1004 1379 1048 1454 et
1074 1369 1147 1482 qui
1175 1369 1264 1482 ejus
1293 1367 1532 1484 catalogum
1549 1373 1694 1481 auxit,
1724 1373 1926 1488 Hierony-

365 1539 459 1594 mus
480 1509 708 1616 Taninius,
738 1506 995 1592 Christianus
1016 1504 1146 1590 Liehe
1177 1505 1223 1589 in
1253 1502 1392 1591 Gotha
1420 1508 1635 1617 armaria,
1663 1525 1811 1597 auctor
1828 1512 1925 1598 Mu-

368 1648 428 1734 sei
456 1645 692 1759 Theupoli,
729 1642 916 1731 ‘ihomas
950 1666 1090 1732 cmnes
1118 1643 1352 1728 Pembrock
1389 1644 1435 1729 in
1475 1643 1594 1731 editis
1632 1646 1927 1764 insignioribus

368 1786 502 1870 musei
533 1785 597 1868 sui
625 1786 789 1893 naamis,
820 1784 852 1865 F
853 1785 1064 1870 ranciscus
1093 1778 1218 1866 Wrse'
1246 1781 1291 1865 in
1320 1781 1468 1868 Museo
1496 1782 1748 1895 Bodleiano,
1779 1801 1928 1874 auctor

367 1925 502 2008 mtuei
531 1924 699 2039 reginae
730 1919 961 2008 Christinae
990 1924 1042 2005 ab
1068 1917 1352 2032 llavercampo
1385 1917 1587 2009 illustrati
1630 1924 1766 2009 Nolim
1804 1925 1928 2010 adfir-

367 2090 505 2168 mare,
535 2062 579 2144 in
610 2059 701 2166 his,
739 2087 842 2171 quos
877 2057 1001 2144 modo
1032 2055 1226 2164 recitavi,
1257 2057 1451 2171 catalogis
1481 2087 1566 2145 non
1597 2058 1722 2146 etiam
1750 2065 1928 2178 reperiri

367 2228 515 2283 numos
556 2199 736 2310 spurios,
775 2225 913 2311 neque
955 2225 1102 2282 eorum
1132 2208 1321 2280 auctores
1355 2197 1510 2310 aliquid
1550 2197 1723 2285 humani
1760 2229 1929 2318 passos,

368 2366 464 2421 cum
499 2337 588 2457 ipse
617 2366 701 2421 non
736 2334 865 2420 semel
900 2346 1067 2419 coactus
1092 2333 1268 2439 hretim,
1294 2336 1591 2420 nonnullorum
1621 2337 1748 2422 fidem
1780 2340 1825 2423 in
1850 2341 1929 2447 du·

367 2475 485 2557 hium
519 2500 679 2561 vocare.
716 2474 827 2558 istud
859 2486 1001 2557 tamen
1031 2485 1214 2577 certum,
1257 2471 1301 2554 in
1331 2472 1576 2558 stabilienda
1604 2476 1722 2560 numi
1750 2475 1931 2593 antiqui-

367 2625 453 2696 tate
478 2611 610 2696 rarius
641 2606 769 2696 luisse
797 2608 961 2724 lapsos,
994 2609 1072 2695 etsi
1100 2609 1358 2722 frequentius
1384 2610 1432 2693 in
1457 2612 1668 2699 recitanda
1699 2641 1928 2701 uumonnn

369 2748 623 2865 epigraphe,
659 2763 732 2835 aut
753 2745 1031 2834 describendis
1055 2749 1195 2863 typis,
1226 2748 1449 2860 praecipue
1478 2776 1577 2835 cum
1606 2752 1744 2839 minus
1777 2755 1929 2870 integri

368 2887 509 2996 luere,
540 2890 827 3004 peccaverint
877 2887 944 2972 Ex
988 2885 1183 3001 catalogis
1212 2899 1409 2973 monetae
1430 2891 1667 3002 Augusteae
1708 2891 1931 3008 hucusque

370 3028 546 3140 vulgatis
578 3027 690 3111 haud
721 3029 846 3110 dubie
883 3027 1157 3139 amplissimus
1188 3024 1224 3108 is
1253 3039 1342 3131 est,
1381 3024 1453 3139 qui
1485 3054 1636 3114 numos
1669 3036 1802 3116 musei
1828 3033 1935 3117 cae·

370 3166 474 3246 sarei
488 3163 814 3247 vindobonensis
840 3163 1140 3274 complectitur,
1168 3161 1214 3244 in
1237 3191 1320 3275 quo
1346 3161 1506 3247 edendo
1528 3193 1695 3251 omnem
1714 3167 1810 3254 dedi
1834 3200 1934 3284 ope·

371 3325 487 3406 ram,
512 3314 560 3383 ut
578 3301 722 3385 lectori
742 3300 905 3384 nonnisi
923 3326 1106 3382 mercem
1126 3299 1330 3383 sinceram
1356 3302 1571 3411 offerrem,
1601 3332 1651 3390 ac
1669 3305 1817 3392 sedulo
1843 3338 1934 3394 mo·

372 3463 542 3548 aerem,
571 3439 606 3522 si
638 3438 709 3553 qui
730 3437 847 3524 numi
878 3450 950 3523 aut
981 3434 1136 3521 fraudis
1167 3437 1342 3545 veteris,
1381 3452 1455 3525 aut
1479 3441 1670 3528 noviciae
1700 3446 1930 3560 ignominia

374 3577 504 3663 notati
523 3591 630 3663 sunt.
660 3577 864 3664 Enarravi
883 3576 1083 3663 hactenus
1104 3602 1253 3690 opera,
1284 3590 1479 3690 quaeant
1499 3609 1667 3689 omnes,
1696 3597 1770 3670 arat
1787 3584 1930 3698 plures

373 3713 496 3827 hujus
522 3730 715 3801 monetae
741 3717 891 3801 classes
922 3714 1144 3801 continent
1174 3720 1229 3800 At
1250 3728 1347 3801 sunt
1374 3730 1607 3827 praeterea,
1639 3749 1748 3835 quae
1772 3738 1933 3812 certam

373 3868 537 3943 tantum
565 3855 738 3938 classem
767 3855 939 3962 sisttmt,
979 3883 1028 3938 ac
1057 3854 1279 3968 praecipue
1302 3880 1524 3944 atomorum
1546 3859 1717 3943 maximi
1746 3862 1933 3968 moduli,

373 3998 483 4081 inter
516 4021 624 4110 quae
655 3993 935 4078 commendari
961 4007 1175 4079 merentur
1203 3991 1452 4081 numismata
1479 3995 1604 4112 hujus
1629 3998 1794 4107 classis,
1825 4025 1934 4115 quae

375 4135 493 4221 fuere
515 4136 560 4220 in
580 4163 726 4219 museo
748 4133 965 4219 cardinalis
986 4137 1201 4248 Carpegna
1220 4160 1244 4215 a
1262 4131 1449 4246 Philippo
1471 4135 1729 4224 Buonarroto
1753 4136 1934 4226 immea-

378 4301 447 4357 sae
484 4273 724 4360 eruditionis
754 4273 843 4359 viro
880 4274 1110 4387 explicata,
1155 4271 1373 4356 cardinalis
1401 4272 1550 4357 Albani
1580 4274 1625 4359 in
1659 4276 1799 4360 lucem
1834 4275 1931 4364 data

378 4435 401 4490 a
424 4413 681 4525 Rudolphino
706 4411 879 4519 Venuti,
900 4414 1032 4497 musei
1048 4408 1186 4497 Pisani
1211 4409 1264 4491 ab
1283 4409 1449 4496 Alberto
1468 4410 1726 4499 Mazzoleno.
1758 4414 1931 4501 Cautius

380 4542 574 4634 adhibeto
598 4554 846 4637 numismata
869 4550 1026 4635 moduli
1047 4548 1221 4634 maximi
1239 4572 1291 4631 ex
1313 4547 1592 4636 cimeliarchio
1616 4542 1818 4639 ludovici
1831 4551 1931 4638 XlV.

386 4687 533 4771 tabulis
552 4689 647 4776 xta
667 4689 866 4800 exhibita,
895 4715 1072 4805 ‹promm
1093 4702 1254 4803 partem
1274 4690 1432 4779 farsam,
1463 4704 1506 4778 et
1524 4694 1811 4802 adulterinam,
1842 4720 1935 4807 par-
