<?xml version="1.0" encoding="UTF-8"?>
<!DOCTYPE html PUBLIC "-//W3C//DTD XHTML 1.0 Transitional//EN"
    "http://www.w3.org/TR/xhtml1/DTD/xhtml1-transitional.dtd">
<html xmlns="http://www.w3.org/1999/xhtml" xml:lang="en" lang="en">
 <head>
  <title>
</title>
<meta http-equiv="Content-Type" content="text/html;charset=utf-8" />
  <meta name='ocr-system' content='tesseract 3.04.00' />
  <meta name='ocr-capabilities' content='ocr_page ocr_carea ocr_par ocr_line ocrx_word'/>
</head>
<body>
  <div class='ocr_page' id='page_1' title='image "./doctrinanumorum00steigoog/doctrinanumorum00steigoog_0511.png"; bbox 0 0 4012 5370; ppageno 0'>
   <div class='ocr_carea' id='block_1_1' title="bbox 823 451 1777 558">
    <p class='ocr_par' dir='ltr' id='par_1_1' title="bbox 823 451 1777 558">
     <span class='ocr_line' id='line_1_1' title="bbox 823 451 1777 558; baseline 0.002 -33"><span class='ocrx_word' id='word_1_1' title='bbox 823 451 1188 527; x_wconf 79' lang='lat' dir='ltr'><strong>HADRIANVS.</strong></span> <span class='ocrx_word' id='word_1_2' title='bbox 1430 479 1435 491; x_wconf 91' lang='grc'><strong><em>·</em></strong></span> <span class='ocrx_word' id='word_1_3' title='bbox 1703 476 1777 558; x_wconf 68' lang='lat'><strong>495</strong></span> 
     </span>
    </p>
   </div>
   <div class='ocr_carea' id='block_1_2' title="bbox 219 621 1870 4059">
    <p class='ocr_par' dir='ltr' id='par_1_2' title="bbox 587 621 1344 704">
     <span class='ocr_line' id='line_1_2' title="bbox 587 621 1344 704; baseline 0.008 -24"><span class='ocrx_word' id='word_1_4' title='bbox 587 624 605 660; x_wconf 72' lang='lat' dir='ltr'><strong>s</strong></span> <span class='ocrx_word' id='word_1_5' title='bbox 691 670 709 703; x_wconf 65' lang='grc'>,</span> <span class='ocrx_word' id='word_1_6' title='bbox 796 676 800 683; x_wconf 84' lang='grc'>,</span> <span class='ocrx_word' id='word_1_7' title='bbox 1044 670 1047 676; x_wconf 97' lang='grc'>.</span> <span class='ocrx_word' id='word_1_8' title='bbox 1172 623 1218 682; x_wconf 85' lang='lat' dir='ltr'><strong>Vt</strong></span> <span class='ocrx_word' id='word_1_9' title='bbox 1236 621 1288 704; x_wconf 66' lang='lat' dir='ltr'><strong>tir.</strong></span> <span class='ocrx_word' id='word_1_10' title='bbox 1300 623 1344 686; x_wconf 84' lang='lat' dir='ltr'><strong>H.</strong></span> 
     </span>
    </p>

    <p class='ocr_par' dir='ltr' id='par_1_3' title="bbox 222 720 1870 1110">
     <span class='ocr_line' id='line_1_3' title="bbox 368 720 1870 813; baseline 0.001 -26"><span class='ocrx_word' id='word_1_11' title='bbox 368 730 413 787; x_wconf 83' lang='lat' dir='ltr'><strong>Vr</strong></span> <span class='ocrx_word' id='word_1_12' title='bbox 431 726 483 787; x_wconf 84' lang='lat' dir='ltr'><strong>lit.</strong></span> <span class='ocrx_word' id='word_1_13' title='bbox 495 726 537 787; x_wconf 90' lang='lat' dir='ltr'><strong>H.</strong></span> <span class='ocrx_word' id='word_1_14' title='bbox 1027 720 1604 793; x_wconf 76' lang='lat' dir='ltr'><strong>ADVENTVI.AVG.1TAL1AE.</strong></span> <span class='ocrx_word' id='word_1_15' title='bbox 1632 729 1776 813; x_wconf 81' lang='lat' dir='ltr'><strong>Impera·</strong></span> <span class='ocrx_word' id='word_1_16' title='bbox 1832 739 1835 742; x_wconf 82' lang='grc'><strong>’</strong></span> <span class='ocrx_word' id='word_1_17' title='bbox 1863 782 1870 789; x_wconf 76' lang='grc'><strong>,</strong></span> 
     </span>
     <span class='ocr_line' id='line_1_4' title="bbox 222 823 1777 917; baseline -0.005 -28"><span class='ocrx_word' id='word_1_18' title='bbox 222 826 440 894; x_wconf 79' lang='lat' dir='ltr'><strong>HISPANIA.</strong></span> <span class='ocrx_word' id='word_1_19' title='bbox 465 827 595 888; x_wconf 79' lang='lat' dir='ltr'><strong>Mulier</strong></span> <span class='ocrx_word' id='word_1_20' title='bbox 611 826 728 887; x_wconf 81' lang='lat' dir='ltr'><strong>sedens</strong></span> <span class='ocrx_word' id='word_1_21' title='bbox 741 824 843 903; x_wconf 77' lang='lat' dir='ltr'><strong>juxta</strong></span> <span class='ocrx_word' id='word_1_22' title='bbox 860 844 974 906; x_wconf 82' lang='lat' dir='ltr'><strong><em>rupem</em></strong></span> <span class='ocrx_word' id='word_1_23' title='bbox 1033 834 1104 899; x_wconf 84' lang='lat' dir='ltr'><strong>tor,</strong></span> <span class='ocrx_word' id='word_1_24' title='bbox 1127 835 1161 884; x_wconf 84' lang='lat' dir='ltr'><strong>et</strong></span> <span class='ocrx_word' id='word_1_25' title='bbox 1185 823 1293 884; x_wconf 82' lang='lat' dir='ltr'><strong>Italia</strong></span> <span class='ocrx_word' id='word_1_26' title='bbox 1316 837 1443 890; x_wconf 82' lang='lat' dir='ltr'><strong>stantes</strong></span> <span class='ocrx_word' id='word_1_27' title='bbox 1468 831 1512 891; x_wconf 83' lang='lat' dir='ltr'><strong>od</strong></span> <span class='ocrx_word' id='word_1_28' title='bbox 1534 850 1629 894; x_wconf 84' lang='lat' dir='ltr'><strong>arom</strong></span> <span class='ocrx_word' id='word_1_29' title='bbox 1651 832 1777 917; x_wconf 60' lang='lat' dir='ltr'><strong>sacrifi.</strong></span> 
     </span>
     <span class='ocr_line' id='line_1_5' title="bbox 222 922 1774 1017; baseline -0.001 -22"><span class='ocrx_word' id='word_1_30' title='bbox 222 936 257 1000; x_wconf 78' lang='lat' dir='ltr'><strong>d.</strong></span> <span class='ocrx_word' id='word_1_31' title='bbox 277 951 422 1005; x_wconf 85' lang='lat' dir='ltr'><strong>ramum,</strong></span> <span class='ocrx_word' id='word_1_32' title='bbox 446 948 505 1005; x_wconf 83' lang='lat' dir='ltr'><strong>pro</strong></span> <span class='ocrx_word' id='word_1_33' title='bbox 524 928 663 1005; x_wconf 81' lang='lat' dir='ltr'><strong>pedibus</strong></span> <span class='ocrx_word' id='word_1_34' title='bbox 682 927 869 990; x_wconf 76' lang='lat' dir='ltr'><strong>sustentus.</strong></span> <span class='ocrx_word' id='word_1_35' title='bbox 900 924 972 995; x_wconf 74' lang='lat' dir='ltr'><strong>AV.</strong></span> <span class='ocrx_word' id='word_1_36' title='bbox 1032 936 1121 984; x_wconf 83' lang='lat' dir='ltr'><strong>cant.</strong></span> <span class='ocrx_word' id='word_1_37' title='bbox 1139 922 1210 991; x_wconf 80' lang='lat' dir='ltr'><strong>AV.</strong></span> <span class='ocrx_word' id='word_1_38' title='bbox 1222 926 1321 1006; x_wconf 82' lang='lat' dir='ltr'><strong>(Mus.</strong></span> <span class='ocrx_word' id='word_1_39' title='bbox 1330 927 1437 1010; x_wconf 78' lang='lat' dir='ltr'><strong>caes.)</strong></span> <span class='ocrx_word' id='word_1_40' title='bbox 1445 929 1516 997; x_wconf 78' lang='lat' dir='ltr'><strong>AR.</strong></span> <span class='ocrx_word' id='word_1_41' title='bbox 1529 929 1657 1017; x_wconf 82' lang='lat' dir='ltr'><strong>(Vaill.)</strong></span> <span class='ocrx_word' id='word_1_42' title='bbox 1666 933 1741 1003; x_wconf 77' lang='lat' dir='ltr'><strong>AB.</strong></span> <span class='ocrx_word' id='word_1_43' title='bbox 1749 937 1774 997; x_wconf 91' lang='lat'><strong>1.</strong></span> 
     </span>
     <span class='ocr_line' id='line_1_6' title="bbox 224 1025 1260 1110; baseline -0.006 -14"><span class='ocrx_word' id='word_1_44' title='bbox 224 1035 296 1098; x_wconf 77' lang='lat' dir='ltr'><strong>AR.</strong></span> <span class='ocrx_word' id='word_1_45' title='bbox 316 1031 385 1093; x_wconf 73' lang='grc' dir='ltr'><strong>ΔΕ.</strong></span> <span class='ocrx_word' id='word_1_46' title='bbox 401 1031 481 1094; x_wconf 68' lang='lat'><strong>1.=11.</strong></span> <span class='ocrx_word' id='word_1_47' title='bbox 504 1029 603 1109; x_wconf 84' lang='lat' dir='ltr'><strong>(Mos.</strong></span> <span class='ocrx_word' id='word_1_48' title='bbox 619 1026 730 1109; x_wconf 76' lang='lat' dir='ltr'><strong>caes.)</strong></span> <span class='ocrx_word' id='word_1_49' title='bbox 1029 1025 1131 1104; x_wconf 82' lang='lat' dir='ltr'><strong>(Mus.</strong></span> <span class='ocrx_word' id='word_1_50' title='bbox 1150 1026 1260 1110; x_wconf 86' lang='lat' dir='ltr'><strong>Caes.)</strong></span> 
     </span>
    </p>

    <p class='ocr_par' dir='ltr' id='par_1_4' title="bbox 220 1127 1784 1520">
     <span class='ocr_line' id='line_1_7' title="bbox 368 1127 1784 1210; baseline -0.001 -15"><span class='ocrx_word' id='word_1_51' title='bbox 368 1131 541 1196; x_wconf 62' lang='lat' dir='ltr'><strong>mmm</strong></span> <span class='ocrx_word' id='word_1_52' title='bbox 1172 1127 1349 1194; x_wconf 58' lang='lat' dir='ltr'><strong>mmm</strong></span> <span class='ocrx_word' id='word_1_53' title='bbox 1430 1182 1503 1210; x_wconf 63' lang='lat'><strong>›.</strong></span> <span class='ocrx_word' id='word_1_54' title='bbox 1720 1179 1784 1194; x_wconf 29' lang='grc' dir='ltr'><strong>,η</strong></span> 
     </span>
     <span class='ocr_line' id='line_1_8' title="bbox 224 1226 1773 1318; baseline 0 -20"><span class='ocrx_word' id='word_1_55' title='bbox 224 1234 485 1300; x_wconf 68' lang='lat' dir='ltr'><strong>Exorat-&#39;rra</strong></span> <span class='ocrx_word' id='word_1_56' title='bbox 502 1229 772 1298; x_wconf 74' lang='lat' dir='ltr'><strong>HISPANICVS.</strong></span> <span class='ocrx_word' id='word_1_57' title='bbox 786 1231 828 1297; x_wconf 82' lang='lat' dir='ltr'><strong>S.</strong></span> <span class='ocrx_word' id='word_1_58' title='bbox 839 1231 883 1296; x_wconf 44' lang='lat'><strong>10.</strong></span> <span class='ocrx_word' id='word_1_59' title='bbox 907 1231 971 1294; x_wconf 89' lang='lat' dir='ltr'><strong>lm·</strong></span> <span class='ocrx_word' id='word_1_60' title='bbox 1027 1226 1553 1298; x_wconf 76' lang='lat' dir='ltr'><strong>REsrtrvT0a1.1rat.1sE.</strong></span> <span class='ocrx_word' id='word_1_61' title='bbox 1592 1238 1773 1318; x_wconf 73' lang='lat' dir='ltr'><em>Imperator</em></span> 
     </span>
     <span class='ocr_line' id='line_1_9' title="bbox 220 1333 1774 1423; baseline 0.002 -26"><span class='ocrx_word' id='word_1_62' title='bbox 220 1351 470 1417; x_wconf 71' lang='lat' dir='ltr'><strong>peristereonos</strong></span> <span class='ocrx_word' id='word_1_63' title='bbox 488 1335 613 1395; x_wconf 81' lang='lat' dir='ltr'><em>milites</em></span> <span class='ocrx_word' id='word_1_64' title='bbox 633 1335 833 1410; x_wconf 79' lang='lat' dir='ltr'><strong>adloquitur.</strong></span> <span class='ocrx_word' id='word_1_65' title='bbox 856 1333 925 1398; x_wconf 83' lang='grc' dir='ltr'><strong>ΑΕ.</strong></span> <span class='ocrx_word' id='word_1_66' title='bbox 944 1334 968 1394; x_wconf 93' lang='lat'><strong>1.</strong></span> <span class='ocrx_word' id='word_1_67' title='bbox 1027 1341 1163 1411; x_wconf 81' lang='lat' dir='ltr'><strong>togatus</strong></span> <span class='ocrx_word' id='word_1_68' title='bbox 1179 1342 1273 1391; x_wconf 82' lang='lat' dir='ltr'><strong>stans</strong></span> <span class='ocrx_word' id='word_1_69' title='bbox 1289 1333 1459 1398; x_wconf 83' lang='lat' dir='ltr'><strong>mulierem</strong></span> <span class='ocrx_word' id='word_1_70' title='bbox 1475 1341 1563 1418; x_wconf 76' lang='lat' dir='ltr'><strong>gerite</strong></span> <span class='ocrx_word' id='word_1_71' title='bbox 1569 1339 1774 1423; x_wconf 76' lang='lat' dir='ltr'><strong>flectentem,</strong></span> 
     </span>
     <span class='ocr_line' id='line_1_10' title="bbox 222 1434 1774 1520; baseline 0.006 -25"><span class='ocrx_word' id='word_1_72' title='bbox 222 1436 357 1520; x_wconf 74' lang='lat' dir='ltr'><strong>(vaill.)</strong></span> <span class='ocrx_word' id='word_1_73' title='bbox 379 1434 447 1496; x_wconf 79' lang='grc' dir='ltr'><strong>ΔΕ.</strong></span> <span class='ocrx_word' id='word_1_74' title='bbox 465 1435 502 1494; x_wconf 89' lang='lat' dir='ltr'><strong>ll.</strong></span> <span class='ocrx_word' id='word_1_75' title='bbox 522 1437 622 1516; x_wconf 82' lang='lat' dir='ltr'><strong>(Mus.</strong></span> <span class='ocrx_word' id='word_1_76' title='bbox 638 1434 847 1517; x_wconf 80' lang='lat' dir='ltr'><strong>christinae.)</strong></span> <span class='ocrx_word' id='word_1_77' title='bbox 1028 1441 1061 1490; x_wconf 88' lang='lat' dir='ltr'><strong>et</strong></span> <span class='ocrx_word' id='word_1_78' title='bbox 1075 1452 1100 1491; x_wconf 87' lang='lat' dir='ltr'><strong>s.</strong></span> <span class='ocrx_word' id='word_1_79' title='bbox 1113 1437 1331 1512; x_wconf 80' lang='lat' dir='ltr'><strong>cornucopiae</strong></span> <span class='ocrx_word' id='word_1_80' title='bbox 1347 1446 1510 1498; x_wconf 78' lang='lat' dir='ltr'><strong>tenentem</strong></span> <span class='ocrx_word' id='word_1_81' title='bbox 1525 1441 1687 1505; x_wconf 78' lang='lat' dir='ltr'><strong>sublevat.</strong></span> <span class='ocrx_word' id='word_1_82' title='bbox 1703 1439 1774 1507; x_wconf 80' lang='lat' dir='ltr'><strong>AV.</strong></span> 
     </span>
    </p>

    <p class='ocr_par' dir='ltr' id='par_1_5' title="bbox 221 1529 1778 2126">
     <span class='ocr_line' id='line_1_11' title="bbox 369 1529 1541 1618; baseline 0.001 -19"><span class='ocrx_word' id='word_1_83' title='bbox 369 1541 415 1599; x_wconf 87' lang='lat' dir='ltr'><strong>Vt</strong></span> <span class='ocrx_word' id='word_1_84' title='bbox 432 1539 484 1597; x_wconf 82' lang='lat' dir='ltr'><strong>tit.</strong></span> <span class='ocrx_word' id='word_1_85' title='bbox 499 1536 538 1596; x_wconf 89' lang='lat' dir='ltr'><strong>H.</strong></span> <span class='ocrx_word' id='word_1_86' title='bbox 1029 1529 1161 1612; x_wconf 78' lang='lat' dir='ltr'><strong>(vain.)</strong></span> <span class='ocrx_word' id='word_1_87' title='bbox 1183 1531 1252 1591; x_wconf 75' lang='grc' dir='ltr'><strong>ΔΕ.</strong></span> <span class='ocrx_word' id='word_1_88' title='bbox 1271 1534 1295 1592; x_wconf 88' lang='lat' dir='ltr'><strong>t.</strong></span> <span class='ocrx_word' id='word_1_89' title='bbox 1316 1535 1416 1614; x_wconf 80' lang='lat' dir='ltr'><strong>(Mus.</strong></span> <span class='ocrx_word' id='word_1_90' title='bbox 1432 1535 1541 1618; x_wconf 79' lang='lat' dir='ltr'><strong>cass.)</strong></span> 
     </span>
     <span class='ocr_line' id='line_1_12' title="bbox 223 1629 1775 1719; baseline 0.003 -15"><span class='ocrx_word' id='word_1_91' title='bbox 223 1639 537 1705; x_wconf 79' lang='lat' dir='ltr'><strong>RESTITVTORI.</strong></span> <span class='ocrx_word' id='word_1_92' title='bbox 557 1636 804 1702; x_wconf 76' lang='lat' dir='ltr'><strong>HISPANIAE.</strong></span> <span class='ocrx_word' id='word_1_93' title='bbox 830 1638 973 1719; x_wconf 81' lang='lat' dir='ltr'><strong>Impera·</strong></span> <span class='ocrx_word' id='word_1_94' title='bbox 1091 1629 1293 1696; x_wconf 72' lang='lat' dir='ltr'><strong>Hadrianum</strong></span> <span class='ocrx_word' id='word_1_95' title='bbox 1311 1634 1452 1717; x_wconf 82' lang='lat' dir='ltr'><strong>primum</strong></span> <span class='ocrx_word' id='word_1_96' title='bbox 1472 1641 1644 1708; x_wconf 70' lang='lat' dir='ltr'><strong>advenisse</strong></span> <span class='ocrx_word' id='word_1_97' title='bbox 1665 1641 1700 1703; x_wconf 84' lang='lat' dir='ltr'><strong>in</strong></span> <span class='ocrx_word' id='word_1_98' title='bbox 1715 1642 1775 1704; x_wconf 80' lang='lat' dir='ltr'><strong>lta·</strong></span> 
     </span>
     <span class='ocr_line' id='line_1_13' title="bbox 222 1730 1776 1827; baseline 0 -20"><span class='ocrx_word' id='word_1_99' title='bbox 222 1759 277 1807; x_wconf 83' lang='lat' dir='ltr'><strong>tor</strong></span> <span class='ocrx_word' id='word_1_100' title='bbox 295 1753 431 1824; x_wconf 80' lang='lat' dir='ltr'><strong>togatus</strong></span> <span class='ocrx_word' id='word_1_101' title='bbox 447 1742 617 1802; x_wconf 83' lang='lat' dir='ltr'><strong>mulierem</strong></span> <span class='ocrx_word' id='word_1_102' title='bbox 636 1741 786 1802; x_wconf 83' lang='lat' dir='ltr'><strong>sublevat</strong></span> <span class='ocrx_word' id='word_1_103' title='bbox 801 1762 826 1801; x_wconf 88' lang='lat' dir='ltr'><strong>s.</strong></span> <span class='ocrx_word' id='word_1_104' title='bbox 843 1759 971 1801; x_wconf 83' lang='lat' dir='ltr'><strong>ramum</strong></span> <span class='ocrx_word' id='word_1_105' title='bbox 1029 1730 1106 1795; x_wconf 90' lang='lat' dir='ltr'><strong>liam</strong></span> <span class='ocrx_word' id='word_1_106' title='bbox 1123 1755 1207 1797; x_wconf 88' lang='lat' dir='ltr'><strong>anno</strong></span> <span class='ocrx_word' id='word_1_107' title='bbox 1227 1735 1269 1802; x_wconf 89' lang='lat' dir='ltr'><strong>V.</strong></span> <span class='ocrx_word' id='word_1_108' title='bbox 1285 1737 1321 1802; x_wconf 83' lang='lat' dir='ltr'><strong>C.</strong></span> <span class='ocrx_word' id='word_1_109' title='bbox 1339 1737 1417 1819; x_wconf 70' lang='lat' dir='ltr'><strong>(ips,</strong></span> <span class='ocrx_word' id='word_1_110' title='bbox 1439 1737 1473 1801; x_wconf 85' lang='lat' dir='ltr'><strong>in</strong></span> <span class='ocrx_word' id='word_1_111' title='bbox 1491 1741 1652 1827; x_wconf 84' lang='lat' dir='ltr'><strong>ejusanni</strong></span> <span class='ocrx_word' id='word_1_112' title='bbox 1668 1744 1776 1807; x_wconf 76' lang='lat' dir='ltr'><strong>numia</strong></span> 
     </span>
     <span class='ocr_line' id='line_1_14' title="bbox 221 1834 1778 1929; baseline 0.001 -23"><span class='ocrx_word' id='word_1_113' title='bbox 221 1856 402 1918; x_wconf 80' lang='lat' dir='ltr'><strong>tenentem,</strong></span> <span class='ocrx_word' id='word_1_114' title='bbox 439 1862 499 1922; x_wconf 83' lang='lat' dir='ltr'><strong>pro</strong></span> <span class='ocrx_word' id='word_1_115' title='bbox 526 1842 670 1921; x_wconf 84' lang='lat' dir='ltr'><strong>pedibus</strong></span> <span class='ocrx_word' id='word_1_116' title='bbox 696 1841 892 1911; x_wconf 64' lang='lat' dir='ltr'><strong>cuniculum</strong></span> <span class='ocrx_word' id='word_1_117' title='bbox 935 1842 973 1900; x_wconf 82' lang='lat' dir='ltr'><strong>in</strong></span> <span class='ocrx_word' id='word_1_118' title='bbox 1029 1834 1185 1914; x_wconf 78' lang='lat' dir='ltr'><strong>vidimus,</strong></span> <span class='ocrx_word' id='word_1_119' title='bbox 1215 1849 1310 1921; x_wconf 84' lang='lat' dir='ltr'><strong>atque</strong></span> <span class='ocrx_word' id='word_1_120' title='bbox 1335 1840 1389 1911; x_wconf 86' lang='lat' dir='ltr'><strong>hio</strong></span> <span class='ocrx_word' id='word_1_121' title='bbox 1410 1841 1568 1908; x_wconf 82' lang='lat' dir='ltr'><strong>adventus</strong></span> <span class='ocrx_word' id='word_1_122' title='bbox 1593 1865 1691 1929; x_wconf 83' lang='lat' dir='ltr'><strong>saepe</strong></span> <span class='ocrx_word' id='word_1_123' title='bbox 1713 1845 1778 1910; x_wconf 82' lang='lat' dir='ltr'><strong>tuit</strong></span> 
     </span>
     <span class='ocr_line' id='line_1_15' title="bbox 222 1939 1775 2025; baseline 0.003 -19"><span class='ocrx_word' id='word_1_124' title='bbox 222 1946 306 2008; x_wconf 81' lang='lat' dir='ltr'><strong>aliis</strong></span> <span class='ocrx_word' id='word_1_125' title='bbox 324 1965 383 2025; x_wconf 85' lang='lat' dir='ltr'><strong>pro</strong></span> <span class='ocrx_word' id='word_1_126' title='bbox 405 1944 467 2004; x_wconf 78' lang='lat' dir='ltr'><strong>lior</strong></span> <span class='ocrx_word' id='word_1_127' title='bbox 488 1962 549 2002; x_wconf 83' lang='lat' dir='ltr'><strong>ara</strong></span> <span class='ocrx_word' id='word_1_128' title='bbox 571 1944 779 2008; x_wconf 83' lang='lat' dir='ltr'><strong>intermedia.</strong></span> <span class='ocrx_word' id='word_1_129' title='bbox 811 1941 881 2003; x_wconf 77' lang='lat' dir='ltr'><strong>Ata</strong></span> <span class='ocrx_word' id='word_1_130' title='bbox 903 1940 971 2005; x_wconf 78' lang='grc' dir='ltr'><strong>ΑΕ.</strong></span> <span class='ocrx_word' id='word_1_131' title='bbox 1028 1939 1206 2021; x_wconf 83' lang='lat' dir='ltr'><strong>repetitus,</strong></span> <span class='ocrx_word' id='word_1_132' title='bbox 1247 1941 1374 2023; x_wconf 90' lang='lat' dir='ltr'><strong>quoties</strong></span> <span class='ocrx_word' id='word_1_133' title='bbox 1407 1944 1561 2010; x_wconf 85' lang='lat' dir='ltr'><strong>nimirum</strong></span> <span class='ocrx_word' id='word_1_134' title='bbox 1596 1948 1635 2010; x_wconf 93' lang='lat' dir='ltr'><strong>ab</strong></span> <span class='ocrx_word' id='word_1_135' title='bbox 1670 1947 1775 2024; x_wconf 81' lang='lat' dir='ltr'><strong>solitis</strong></span> 
     </span>
     <span class='ocr_line' id='line_1_16' title="bbox 225 2041 1771 2126; baseline 0.003 -21"><span class='ocrx_word' id='word_1_136' title='bbox 225 2049 249 2107; x_wconf 87' lang='lat' dir='ltr'><strong>l.</strong></span> <span class='ocrx_word' id='word_1_137' title='bbox 268 2048 308 2109; x_wconf 87' lang='lat' dir='ltr'><strong>tt.</strong></span> <span class='ocrx_word' id='word_1_138' title='bbox 331 2047 430 2126; x_wconf 83' lang='lat' dir='ltr'><strong>(Mus.</strong></span> <span class='ocrx_word' id='word_1_139' title='bbox 448 2046 557 2123; x_wconf 82' lang='lat' dir='ltr'><strong>Caes.)</strong></span> <span class='ocrx_word' id='word_1_140' title='bbox 927 2071 931 2080; x_wconf 96' lang='lat'><em>·</em></span> <span class='ocrx_word' id='word_1_141' title='bbox 1025 2041 1344 2123; x_wconf 73' lang='lat' dir='ltr'><strong>peregrinationibus</strong></span> <span class='ocrx_word' id='word_1_142' title='bbox 1362 2047 1395 2105; x_wconf 85' lang='lat' dir='ltr'><strong>in</strong></span> <span class='ocrx_word' id='word_1_143' title='bbox 1411 2048 1526 2111; x_wconf 87' lang='lat' dir='ltr'><strong>urbem</strong></span> <span class='ocrx_word' id='word_1_144' title='bbox 1542 2071 1697 2115; x_wconf 83' lang='lat' dir='ltr'><strong>reversus</strong></span> <span class='ocrx_word' id='word_1_145' title='bbox 1712 2063 1771 2112; x_wconf 86' lang='lat' dir='ltr'><strong>est.</strong></span> 
     </span>
    </p>

    <p class='ocr_par' dir='ltr' id='par_1_6' title="bbox 219 2136 1778 4059">
     <span class='ocr_line' id='line_1_17' title="bbox 289 2136 1773 2229; baseline 0.003 -21"><span class='ocrx_word' id='word_1_146' title='bbox 289 2145 450 2229; x_wconf 74' lang='lat' dir='ltr'><strong>spectatis</strong></span> <span class='ocrx_word' id='word_1_147' title='bbox 476 2145 650 2226; x_wconf 88' lang='lat' dir='ltr'><strong>majoribus</strong></span> <span class='ocrx_word' id='word_1_148' title='bbox 673 2143 838 2208; x_wconf 85' lang='lat' dir='ltr'><strong>Hadriano</strong></span> <span class='ocrx_word' id='word_1_149' title='bbox 867 2143 969 2227; x_wconf 87' lang='lat' dir='ltr'><strong>patria</strong></span> <span class='ocrx_word' id='word_1_150' title='bbox 1029 2141 1096 2204; x_wconf 87' lang='lat' dir='ltr'><strong>Sed</strong></span> <span class='ocrx_word' id='word_1_151' title='bbox 1116 2155 1149 2203; x_wconf 85' lang='lat' dir='ltr'><strong>et</strong></span> <span class='ocrx_word' id='word_1_152' title='bbox 1168 2157 1309 2219; x_wconf 86' lang='lat' dir='ltr'><strong>constat,</strong></span> <span class='ocrx_word' id='word_1_153' title='bbox 1332 2136 1449 2211; x_wconf 54' lang='lat' dir='ltr'><strong>&#39;multia</strong></span> <span class='ocrx_word' id='word_1_154' title='bbox 1469 2149 1508 2211; x_wconf 88' lang='lat' dir='ltr'><strong>ab</strong></span> <span class='ocrx_word' id='word_1_155' title='bbox 1521 2171 1570 2213; x_wconf 76' lang='lat' dir='ltr'><strong>eo</strong></span> <span class='ocrx_word' id='word_1_156' title='bbox 1587 2151 1773 2227; x_wconf 83' lang='lat' dir='ltr'><strong>beneficiis,</strong></span> 
     </span>
     <span class='ocr_line' id='line_1_18' title="bbox 223 2242 1774 2329; baseline 0.005 -20"><span class='ocrx_word' id='word_1_157' title='bbox 223 2249 287 2309; x_wconf 79' lang='lat' dir='ltr'><strong>tuit</strong></span> <span class='ocrx_word' id='word_1_158' title='bbox 304 2246 476 2329; x_wconf 74' lang='lat' dir='ltr'><strong>Hispania,</strong></span> <span class='ocrx_word' id='word_1_159' title='bbox 507 2261 541 2309; x_wconf 82' lang='lat' dir='ltr'><strong>et</strong></span> <span class='ocrx_word' id='word_1_160' title='bbox 562 2248 669 2309; x_wconf 86' lang='lat' dir='ltr'><strong>natale</strong></span> <span class='ocrx_word' id='word_1_161' title='bbox 693 2246 759 2307; x_wconf 91' lang='lat' dir='ltr'><strong>illis</strong></span> <span class='ocrx_word' id='word_1_162' title='bbox 782 2246 888 2308; x_wconf 89' lang='lat' dir='ltr'><strong>solum</strong></span> <span class='ocrx_word' id='word_1_163' title='bbox 912 2248 971 2306; x_wconf 84' lang='lat' dir='ltr'><strong>lta·</strong></span> <span class='ocrx_word' id='word_1_164' title='bbox 1030 2256 1064 2305; x_wconf 87' lang='lat' dir='ltr'><strong>ot</strong></span> <span class='ocrx_word' id='word_1_165' title='bbox 1080 2242 1258 2307; x_wconf 72' lang='lat' dir='ltr'><strong>honoribus</strong></span> <span class='ocrx_word' id='word_1_166' title='bbox 1281 2263 1423 2311; x_wconf 86' lang='lat' dir='ltr'><strong>ornatam</strong></span> <span class='ocrx_word' id='word_1_167' title='bbox 1444 2249 1544 2313; x_wconf 82' lang='lat' dir='ltr'><strong>luisse</strong></span> <span class='ocrx_word' id='word_1_168' title='bbox 1567 2251 1649 2315; x_wconf 87' lang='lat' dir='ltr'><strong>hano</strong></span> <span class='ocrx_word' id='word_1_169' title='bbox 1672 2266 1774 2316; x_wconf 86' lang='lat' dir='ltr'><strong>terra·</strong></span> 
     </span>
     <span class='ocr_line' id='line_1_19' title="bbox 222 2345 1774 2430; baseline 0.005 -20"><span class='ocrx_word' id='word_1_170' title='bbox 222 2351 286 2411; x_wconf 86' lang='lat' dir='ltr'><strong>lica</strong></span> <span class='ocrx_word' id='word_1_171' title='bbox 305 2349 514 2430; x_wconf 86' lang='lat' dir='ltr'><strong>municipium</strong></span> <span class='ocrx_word' id='word_1_172' title='bbox 531 2349 700 2425; x_wconf 87' lang='lat' dir='ltr'><strong>Baeticao;</strong></span> <span class='ocrx_word' id='word_1_173' title='bbox 723 2369 798 2410; x_wconf 89' lang='lat' dir='ltr'><strong>nam</strong></span> <span class='ocrx_word' id='word_1_174' title='bbox 818 2349 888 2430; x_wconf 89' lang='lat' dir='ltr'><strong>ipse</strong></span> <span class='ocrx_word' id='word_1_175' title='bbox 907 2350 971 2410; x_wconf 87' lang='lat' dir='ltr'><strong>Ro·</strong></span> <span class='ocrx_word' id='word_1_176' title='bbox 1030 2365 1102 2406; x_wconf 88' lang='lat' dir='ltr'><strong>rum</strong></span> <span class='ocrx_word' id='word_1_177' title='bbox 1124 2345 1298 2414; x_wconf 86' lang='lat' dir='ltr'><strong>dominam.</strong></span> <span class='ocrx_word' id='word_1_178' title='bbox 1328 2352 1512 2414; x_wconf 85' lang='lat' dir='ltr'><strong>Remissum</strong></span> <span class='ocrx_word' id='word_1_179' title='bbox 1535 2352 1606 2415; x_wconf 84' lang='lat' dir='ltr'><strong>iisoi</strong></span> <span class='ocrx_word' id='word_1_180' title='bbox 1627 2351 1774 2418; x_wconf 81' lang='lat' dir='ltr'><strong>debitum</strong></span> 
     </span>
     <span class='ocr_line' id='line_1_20' title="bbox 222 2448 1773 2538; baseline 0.007 -28"><span class='ocrx_word' id='word_1_181' title='bbox 222 2470 295 2513; x_wconf 86' lang='lat' dir='ltr'><strong>mae</strong></span> <span class='ocrx_word' id='word_1_182' title='bbox 324 2451 460 2533; x_wconf 89' lang='lat' dir='ltr'><strong>primam</strong></span> <span class='ocrx_word' id='word_1_183' title='bbox 489 2452 595 2514; x_wconf 83' lang='lat' dir='ltr'><strong>lucem</strong></span> <span class='ocrx_word' id='word_1_184' title='bbox 625 2449 761 2532; x_wconf 76' lang='lat' dir='ltr'><strong>aspexit.</strong></span> <span class='ocrx_word' id='word_1_185' title='bbox 800 2451 890 2512; x_wconf 85' lang='lat' dir='ltr'><strong>Puer</strong></span> <span class='ocrx_word' id='word_1_186' title='bbox 915 2450 971 2512; x_wconf 92' lang='lat' dir='ltr'><strong>ali·</strong></span> <span class='ocrx_word' id='word_1_187' title='bbox 1028 2467 1124 2529; x_wconf 88' lang='lat' dir='ltr'><strong>supra</strong></span> <span class='ocrx_word' id='word_1_188' title='bbox 1141 2448 1299 2529; x_wconf 74' lang='lat' dir='ltr'><strong>vidimus,</strong></span> <span class='ocrx_word' id='word_1_189' title='bbox 1324 2473 1407 2536; x_wconf 88' lang='lat' dir='ltr'><strong>quae</strong></span> <span class='ocrx_word' id='word_1_190' title='bbox 1426 2453 1629 2538; x_wconf 77' lang='lat' dir='ltr'><strong>indulgentia</strong></span> <span class='ocrx_word' id='word_1_191' title='bbox 1649 2456 1773 2520; x_wconf 90' lang='lat' dir='ltr'><strong>ltaliam</strong></span> 
     </span>
     <span class='ocr_line' id='line_1_21' title="bbox 224 2550 1772 2640; baseline 0.007 -28"><span class='ocrx_word' id='word_1_192' title='bbox 224 2553 377 2634; x_wconf 86' lang='lat' dir='ltr'><strong>quamdiu</strong></span> <span class='ocrx_word' id='word_1_193' title='bbox 399 2552 432 2612; x_wconf 93' lang='lat' dir='ltr'><strong>in</strong></span> <span class='ocrx_word' id='word_1_194' title='bbox 455 2552 514 2615; x_wconf 89' lang='lat' dir='ltr'><strong>hao</strong></span> <span class='ocrx_word' id='word_1_195' title='bbox 534 2575 589 2615; x_wconf 88' lang='lat' dir='ltr'><strong>sua</strong></span> <span class='ocrx_word' id='word_1_196' title='bbox 615 2554 717 2636; x_wconf 83' lang='lat' dir='ltr'><strong>patria</strong></span> <span class='ocrx_word' id='word_1_197' title='bbox 739 2565 883 2615; x_wconf 88' lang='lat' dir='ltr'><strong>moratus</strong></span> <span class='ocrx_word' id='word_1_198' title='bbox 904 2565 969 2628; x_wconf 88' lang='lat' dir='ltr'><strong>est,</strong></span> <span class='ocrx_word' id='word_1_199' title='bbox 1029 2550 1168 2614; x_wconf 82' lang='lat' dir='ltr'><strong>maxime</strong></span> <span class='ocrx_word' id='word_1_200' title='bbox 1185 2553 1382 2630; x_wconf 76' lang='lat' dir='ltr'><strong>sublevavit,</strong></span> <span class='ocrx_word' id='word_1_201' title='bbox 1404 2557 1577 2620; x_wconf 87' lang='lat' dir='ltr'><strong>remissum</strong></span> <span class='ocrx_word' id='word_1_202' title='bbox 1600 2573 1772 2640; x_wconf 78' lang='lat' dir='ltr'><strong>praeterea</strong></span> 
     </span>
     <span class='ocr_line' id='line_1_22' title="bbox 222 2651 1771 2739; baseline 0.006 -25"><span class='ocrx_word' id='word_1_203' title='bbox 222 2654 299 2714; x_wconf 83' lang='lat' dir='ltr'><strong>dnm</strong></span> <span class='ocrx_word' id='word_1_204' title='bbox 325 2654 358 2713; x_wconf 91' lang='lat' dir='ltr'><strong>in</strong></span> <span class='ocrx_word' id='word_1_205' title='bbox 377 2652 602 2729; x_wconf 87' lang='lat' dir='ltr'><strong>Germaniam,</strong></span> <span class='ocrx_word' id='word_1_206' title='bbox 629 2675 665 2718; x_wconf 86' lang='lat' dir='ltr'><strong>ao</strong></span> <span class='ocrx_word' id='word_1_207' title='bbox 687 2653 807 2716; x_wconf 85' lang='lat' dir='ltr'><strong>deindo</strong></span> <span class='ocrx_word' id='word_1_208' title='bbox 830 2654 969 2714; x_wconf 88' lang='lat' dir='ltr'><strong>Romam</strong></span> <span class='ocrx_word' id='word_1_209' title='bbox 1026 2651 1136 2712; x_wconf 82' lang='lat' dir='ltr'><strong>ltaliae</strong></span> <span class='ocrx_word' id='word_1_210' title='bbox 1154 2675 1270 2717; x_wconf 90' lang='lat' dir='ltr'><strong>aurum</strong></span> <span class='ocrx_word' id='word_1_211' title='bbox 1286 2656 1509 2731; x_wconf 76' lang='lat' dir='ltr'><strong>coronarium,</strong></span> <span class='ocrx_word' id='word_1_212' title='bbox 1531 2659 1641 2739; x_wconf 85' lang='lat' dir='ltr'><strong>pueris</strong></span> <span class='ocrx_word' id='word_1_213' title='bbox 1661 2662 1771 2732; x_wconf 80' lang='lat' dir='ltr'><strong>etiam,</strong></span> 
     </span>
     <span class='ocr_line' id='line_1_23' title="bbox 223 2752 1770 2840; baseline 0.006 -24"><span class='ocrx_word' id='word_1_214' title='bbox 223 2768 432 2831; x_wconf 81' lang='lat' dir='ltr'><strong>arooaretur,</strong></span> <span class='ocrx_word' id='word_1_215' title='bbox 456 2768 490 2817; x_wconf 87' lang='lat' dir='ltr'><strong>ut</strong></span> <span class='ocrx_word' id='word_1_216' title='bbox 511 2755 774 2840; x_wconf 86' lang='lat' dir='ltr'><strong>supradiximus.</strong></span> <span class='ocrx_word' id='word_1_217' title='bbox 802 2756 838 2814; x_wconf 87' lang='lat' dir='ltr'><strong>ln</strong></span> <span class='ocrx_word' id='word_1_218' title='bbox 855 2773 968 2835; x_wconf 87' lang='lat' dir='ltr'><strong>supre-</strong></span> <span class='ocrx_word' id='word_1_219' title='bbox 1026 2770 1062 2813; x_wconf 87' lang='lat' dir='ltr'><strong>ao</strong></span> <span class='ocrx_word' id='word_1_220' title='bbox 1095 2752 1232 2834; x_wconf 88' lang='lat' dir='ltr'><strong>puellis,</strong></span> <span class='ocrx_word' id='word_1_221' title='bbox 1275 2754 1391 2838; x_wconf 88' lang='lat' dir='ltr'><strong>quihus</strong></span> <span class='ocrx_word' id='word_1_222' title='bbox 1424 2757 1582 2839; x_wconf 81' lang='lat' dir='ltr'><strong>Trajanus</strong></span> <span class='ocrx_word' id='word_1_223' title='bbox 1617 2760 1770 2825; x_wconf 84' lang='lat' dir='ltr'><strong>alimenta</strong></span> 
     </span>
     <span class='ocr_line' id='line_1_24' title="bbox 222 2844 1770 2939; baseline 0.005 -22"><span class='ocrx_word' id='word_1_224' title='bbox 222 2877 276 2918; x_wconf 87' lang='lat' dir='ltr'><strong>mo</strong></span> <span class='ocrx_word' id='word_1_225' title='bbox 298 2857 427 2938; x_wconf 78' lang='lat' dir='ltr'><strong>fastigio</strong></span> <span class='ocrx_word' id='word_1_226' title='bbox 451 2877 493 2918; x_wconf 87' lang='lat' dir='ltr'><strong>ex</strong></span> <span class='ocrx_word' id='word_1_227' title='bbox 515 2844 629 2918; x_wconf 87' lang='lat' dir='ltr'><strong>Galliis</strong></span> <span class='ocrx_word' id='word_1_228' title='bbox 649 2856 835 2939; x_wconf 81' lang='lat' dir='ltr'><strong>Hispaniam</strong></span> <span class='ocrx_word' id='word_1_229' title='bbox 856 2855 966 2936; x_wconf 80' lang='lat' dir='ltr'><strong>petiit,</strong></span> <span class='ocrx_word' id='word_1_230' title='bbox 1026 2851 1263 2931; x_wconf 84' lang='lat' dir='ltr'><strong>destinaverat,</strong></span> <span class='ocrx_word' id='word_1_231' title='bbox 1299 2857 1537 2921; x_wconf 87' lang='lat' dir='ltr'><strong>incrementum</strong></span> <span class='ocrx_word' id='word_1_232' title='bbox 1568 2857 1770 2924; x_wconf 71' lang='lat' dir='ltr'><strong>liberalitatis</strong></span> 
     </span>
     <span class='ocr_line' id='line_1_25' title="bbox 221 2953 1769 3040; baseline 0.001 -18"><span class='ocrx_word' id='word_1_233' title='bbox 221 2975 255 3022; x_wconf 83' lang='lat' dir='ltr'><strong>et</strong></span> <span class='ocrx_word' id='word_1_234' title='bbox 278 2973 350 3022; x_wconf 84' lang='lat' dir='ltr'><strong>noto</strong></span> <span class='ocrx_word' id='word_1_235' title='bbox 373 2960 559 3022; x_wconf 77' lang='lat' dir='ltr'><strong>Tarracone</strong></span> <span class='ocrx_word' id='word_1_236' title='bbox 579 2958 725 3018; x_wconf 89' lang='lat' dir='ltr'><strong>omnium</strong></span> <span class='ocrx_word' id='word_1_237' title='bbox 747 2958 966 3040; x_wconf 87' lang='lat' dir='ltr'><strong>Hispanorum</strong></span> <span class='ocrx_word' id='word_1_238' title='bbox 1026 2953 1145 3038; x_wconf 82' lang='lat' dir='ltr'><strong>adjecit</strong></span> <span class='ocrx_word' id='word_1_239' title='bbox 1160 2957 1202 3039; x_wconf 85' lang='lat' dir='ltr'><strong>c).</strong></span> <span class='ocrx_word' id='word_1_240' title='bbox 1225 2960 1261 3018; x_wconf 91' lang='lat' dir='ltr'><strong>ln</strong></span> <span class='ocrx_word' id='word_1_241' title='bbox 1276 2956 1423 3039; x_wconf 88' lang='lat' dir='ltr'><strong>pluribus</strong></span> <span class='ocrx_word' id='word_1_242' title='bbox 1439 2958 1550 3023; x_wconf 82' lang='lat' dir='ltr'><strong>ltaliae</strong></span> <span class='ocrx_word' id='word_1_243' title='bbox 1567 2960 1701 3025; x_wconf 83' lang='lat' dir='ltr'><strong>urbibus</strong></span> <span class='ocrx_word' id='word_1_244' title='bbox 1715 2982 1769 3026; x_wconf 86' lang='lat' dir='ltr'><strong>an·</strong></span> 
     </span>
     <span class='ocr_line' id='line_1_26' title="bbox 222 3058 1768 3150; baseline 0.004 -27"><span class='ocrx_word' id='word_1_245' title='bbox 222 3073 386 3124; x_wconf 78' lang='lat' dir='ltr'><strong>conventu</strong></span> <span class='ocrx_word' id='word_1_246' title='bbox 417 3058 463 3119; x_wconf 90' lang='lat' dir='ltr'><strong>ibi</strong></span> <span class='ocrx_word' id='word_1_247' title='bbox 490 3059 658 3133; x_wconf 84' lang='lat' dir='ltr'><strong>hiemavit,</strong></span> <span class='ocrx_word' id='word_1_248' title='bbox 691 3073 725 3121; x_wconf 87' lang='lat' dir='ltr'><strong>et</strong></span> <span class='ocrx_word' id='word_1_249' title='bbox 752 3074 882 3142; x_wconf 86' lang='lat' dir='ltr'><strong>sumptu</strong></span> <span class='ocrx_word' id='word_1_250' title='bbox 909 3077 968 3119; x_wconf 88' lang='lat' dir='ltr'><strong>suo</strong></span> <span class='ocrx_word' id='word_1_251' title='bbox 1026 3078 1143 3135; x_wconf 88' lang='lat' dir='ltr'><strong>nuum,</strong></span> <span class='ocrx_word' id='word_1_252' title='bbox 1165 3078 1305 3145; x_wconf 84' lang='lat' dir='ltr'><strong>eumque</strong></span> <span class='ocrx_word' id='word_1_253' title='bbox 1324 3060 1533 3128; x_wconf 83' lang='lat' dir='ltr'><strong>honorarium</strong></span> <span class='ocrx_word' id='word_1_254' title='bbox 1548 3063 1768 3150; x_wconf 77' lang='lat' dir='ltr'><strong>magistratum</strong></span> 
     </span>
     <span class='ocr_line' id='line_1_27' title="bbox 222 3158 1189 3242; baseline 0.002 -20"><span class='ocrx_word' id='word_1_255' title='bbox 222 3161 337 3225; x_wconf 82' lang='lat' dir='ltr'><strong>andem</strong></span> <span class='ocrx_word' id='word_1_256' title='bbox 359 3160 581 3241; x_wconf 78' lang='lat' dir='ltr'><strong>diviauguni</strong></span> <span class='ocrx_word' id='word_1_257' title='bbox 604 3159 806 3242; x_wconf 67' lang='lat' dir='ltr'><strong>restitutis).</strong></span> <span class='ocrx_word' id='word_1_258' title='bbox 837 3161 909 3223; x_wconf 86' lang='lat' dir='ltr'><strong>Etsi</strong></span> <span class='ocrx_word' id='word_1_259' title='bbox 934 3160 969 3222; x_wconf 90' lang='lat' dir='ltr'><strong>in</strong></span> <span class='ocrx_word' id='word_1_260' title='bbox 1028 3158 1189 3242; x_wconf 70' lang='lat' dir='ltr'><strong>gassirdp</strong></span> 
     </span>
     <span class='ocr_line' id='line_1_28' title="bbox 221 3261 1046 3346; baseline -0.001 -22"><span class='ocrx_word' id='word_1_261' title='bbox 221 3265 406 3346; x_wconf 87' lang='lat' dir='ltr'><strong>propinquo</strong></span> <span class='ocrx_word' id='word_1_262' title='bbox 432 3275 536 3336; x_wconf 80' lang='lat' dir='ltr'><strong>esset,</strong></span> <span class='ocrx_word' id='word_1_263' title='bbox 570 3261 712 3323; x_wconf 85' lang='lat' dir='ltr'><strong>italicam</strong></span> <span class='ocrx_word' id='word_1_264' title='bbox 740 3275 850 3324; x_wconf 88' lang='lat' dir='ltr'><strong>tamen</strong></span> <span class='ocrx_word' id='word_1_265' title='bbox 879 3283 968 3325; x_wconf 89' lang='lat' dir='ltr'><strong>suam</strong></span> <span class='ocrx_word' id='word_1_266' title='bbox 1043 3304 1046 3309; x_wconf 93' lang='lat'>-</span> 
     </span>
     <span class='ocr_line' id='line_1_29' title="bbox 222 3363 968 3447; baseline 0.001 -22"><span class='ocrx_word' id='word_1_267' title='bbox 222 3388 286 3426; x_wconf 91' lang='lat' dir='ltr'><strong>nun</strong></span> <span class='ocrx_word' id='word_1_268' title='bbox 312 3365 438 3437; x_wconf 81' lang='lat' dir='ltr'><strong>invisit,</strong></span> <span class='ocrx_word' id='word_1_269' title='bbox 470 3384 650 3447; x_wconf 87' lang='lat' dir='ltr'><strong>quanquam</strong></span> <span class='ocrx_word' id='word_1_270' title='bbox 678 3363 787 3425; x_wconf 88' lang='lat' dir='ltr'><strong>multis</strong></span> <span class='ocrx_word' id='word_1_271' title='bbox 816 3384 888 3426; x_wconf 87' lang='lat' dir='ltr'><strong>eam</strong></span> <span class='ocrx_word' id='word_1_272' title='bbox 911 3364 968 3426; x_wconf 91' lang='lat' dir='ltr'><strong>ho·</strong></span> 
     </span>
     <span class='ocr_line' id='line_1_30' title="bbox 221 3465 1343 3547; baseline -0.001 -21"><span class='ocrx_word' id='word_1_273' title='bbox 221 3467 373 3542; x_wconf 86' lang='lat' dir='ltr'><strong>nuribus,</strong></span> <span class='ocrx_word' id='word_1_274' title='bbox 405 3480 437 3526; x_wconf 80' lang='lat' dir='ltr'><strong>et</strong></span> <span class='ocrx_word' id='word_1_275' title='bbox 460 3465 639 3547; x_wconf 81' lang='lat' dir='ltr'><strong>splendidis</strong></span> <span class='ocrx_word' id='word_1_276' title='bbox 664 3465 853 3527; x_wconf 85' lang='lat' dir='ltr'><strong>muneribus</strong></span> <span class='ocrx_word' id='word_1_277' title='bbox 876 3486 969 3528; x_wconf 86' lang='lat' dir='ltr'><strong>orna·</strong></span> <span class='ocrx_word' id='word_1_278' title='bbox 1170 3469 1215 3528; x_wconf 81' lang='lat' dir='ltr'><strong>Vr</strong></span> <span class='ocrx_word' id='word_1_279' title='bbox 1234 3467 1286 3528; x_wconf 83' lang='lat' dir='ltr'><strong>lit.</strong></span> <span class='ocrx_word' id='word_1_280' title='bbox 1300 3466 1343 3528; x_wconf 89' lang='lat' dir='ltr'><strong>H.</strong></span> 
     </span>
     <span class='ocr_line' id='line_1_31' title="bbox 220 3565 1766 3652; baseline 0.005 -23"><span class='ocrx_word' id='word_1_281' title='bbox 220 3583 272 3629; x_wconf 89' lang='lat' dir='ltr'><strong>ret</strong></span> <span class='ocrx_word' id='word_1_282' title='bbox 297 3568 340 3648; x_wconf 82' lang='lat' dir='ltr'><strong>b).</strong></span> <span class='ocrx_word' id='word_1_283' title='bbox 385 3570 484 3630; x_wconf 87' lang='lat' dir='ltr'><strong>Certe</strong></span> <span class='ocrx_word' id='word_1_284' title='bbox 521 3566 968 3650; x_wconf 86' lang='lat' dir='ltr'><strong>quinquennalem·honoria</strong></span> <span class='ocrx_word' id='word_1_285' title='bbox 1025 3565 1203 3632; x_wconf 71' lang='lat' dir='ltr'><strong>tvnaaa</strong></span> <span class='ocrx_word' id='word_1_286' title='bbox 1219 3566 1252 3630; x_wconf 90' lang='lat' dir='ltr'><strong>S.</strong></span> <span class='ocrx_word' id='word_1_287' title='bbox 1263 3567 1301 3633; x_wconf 91' lang='lat' dir='ltr'><strong>C.</strong></span> <span class='ocrx_word' id='word_1_288' title='bbox 1323 3568 1507 3648; x_wconf 83' lang='lat' dir='ltr'><strong>Imperator</strong></span> <span class='ocrx_word' id='word_1_289' title='bbox 1521 3580 1658 3652; x_wconf 77' lang='lat' dir='ltr'><strong>togatus</strong></span> <span class='ocrx_word' id='word_1_290' title='bbox 1673 3583 1766 3636; x_wconf 82' lang='lat' dir='ltr'><strong>stans</strong></span> 
     </span>
     <span class='ocr_line' id='line_1_32' title="bbox 220 3668 1768 3753; baseline 0.003 -21"><span class='ocrx_word' id='word_1_291' title='bbox 220 3691 315 3732; x_wconf 86' lang='lat' dir='ltr'><strong>cansa</strong></span> <span class='ocrx_word' id='word_1_292' title='bbox 335 3671 366 3732; x_wconf 92' lang='lat' dir='ltr'><strong>in</strong></span> <span class='ocrx_word' id='word_1_293' title='bbox 388 3690 426 3731; x_wconf 90' lang='lat' dir='ltr'><strong>ea</strong></span> <span class='ocrx_word' id='word_1_294' title='bbox 446 3669 569 3750; x_wconf 82' lang='lat' dir='ltr'><strong>egisse,</strong></span> <span class='ocrx_word' id='word_1_295' title='bbox 593 3668 780 3750; x_wconf 73' lang='lat' dir='ltr'><strong>Spartianus</strong></span> <span class='ocrx_word' id='word_1_296' title='bbox 799 3668 916 3735; x_wconf 80' lang='lat' dir='ltr'><strong>refert.</strong></span> <span class='ocrx_word' id='word_1_297' title='bbox 1025 3669 1194 3729; x_wconf 83' lang='lat' dir='ltr'><strong>mulierem</strong></span> <span class='ocrx_word' id='word_1_298' title='bbox 1205 3668 1493 3753; x_wconf 61' lang='lat' dir='ltr'><strong>genuflectentes»</strong></span> <span class='ocrx_word' id='word_1_299' title='bbox 1504 3673 1663 3747; x_wconf 79' lang='lat' dir='ltr'><strong>sublevat,</strong></span> <span class='ocrx_word' id='word_1_300' title='bbox 1675 3676 1768 3736; x_wconf 82' lang='lat' dir='ltr'><strong>circu</strong></span> 
     </span>
     <span class='ocr_line' id='line_1_33' title="bbox 283 3768 1778 3854; baseline 0.001 -19"><span class='ocrx_word' id='word_1_301' title='bbox 283 3772 461 3835; x_wconf 76' lang='lat' dir='ltr'><strong>cuniculus</strong></span> <span class='ocrx_word' id='word_1_302' title='bbox 477 3771 652 3852; x_wconf 83' lang='lat' dir='ltr'><strong>Hispaniae</strong></span> <span class='ocrx_word' id='word_1_303' title='bbox 668 3768 849 3851; x_wconf 86' lang='lat' dir='ltr'><strong>symbolam</strong></span> <span class='ocrx_word' id='word_1_304' title='bbox 864 3772 985 3854; x_wconf 80' lang='lat' dir='ltr'><strong>vulgo.</strong></span> <span class='ocrx_word' id='word_1_305' title='bbox 1023 3789 1121 3844; x_wconf 77' lang='lat' dir='ltr'><strong>quum</strong></span> <span class='ocrx_word' id='word_1_306' title='bbox 1142 3781 1209 3830; x_wconf 82' lang='lat' dir='ltr'><strong>tres</strong></span> <span class='ocrx_word' id='word_1_307' title='bbox 1225 3769 1335 3850; x_wconf 29' lang='lat' dir='ltr'><strong>puelli.</strong></span> <span class='ocrx_word' id='word_1_308' title='bbox 1344 3769 1480 3851; x_wconf 79' lang='lat' dir='ltr'><strong>palmos</strong></span> <span class='ocrx_word' id='word_1_309' title='bbox 1493 3784 1671 3854; x_wconf 76' lang='lat' dir='ltr'><strong>gestantes.</strong></span> <span class='ocrx_word' id='word_1_310' title='bbox 1693 3773 1778 3840; x_wconf 74' lang='grc' dir='ltr'><strong>ΑΕ..</strong></span> 
     </span>
     <span class='ocr_line' id='line_1_34' title="bbox 219 3869 1765 3960; baseline -0.001 -21"><span class='ocrx_word' id='word_1_311' title='bbox 219 3877 403 3960; x_wconf 78' lang='lat' dir='ltr'><strong>cognitum,</strong></span> <span class='ocrx_word' id='word_1_312' title='bbox 421 3873 462 3934; x_wconf 84' lang='lat' dir='ltr'><strong>de</strong></span> <span class='ocrx_word' id='word_1_313' title='bbox 483 3893 546 3953; x_wconf 90' lang='lat' dir='ltr'><strong>quo</strong></span> <span class='ocrx_word' id='word_1_314' title='bbox 566 3871 656 3946; x_wconf 80' lang='lat' dir='ltr'><strong>vide,</strong></span> <span class='ocrx_word' id='word_1_315' title='bbox 676 3892 759 3956; x_wconf 88' lang='lat' dir='ltr'><strong>quae</strong></span> <span class='ocrx_word' id='word_1_316' title='bbox 776 3871 854 3933; x_wconf 91' lang='lat' dir='ltr'><strong>olim</strong></span> <span class='ocrx_word' id='word_1_317' title='bbox 871 3873 966 3953; x_wconf 89' lang='lat' dir='ltr'><strong>plura</strong></span> <span class='ocrx_word' id='word_1_318' title='bbox 1023 3872 1048 3932; x_wconf 93' lang='lat' dir='ltr'><strong>l.</strong></span> <span class='ocrx_word' id='word_1_319' title='bbox 1067 3872 1163 3939; x_wconf 82' lang='lat' dir='ltr'><strong>(Mus.</strong></span> <span class='ocrx_word' id='word_1_320' title='bbox 1181 3871 1333 3950; x_wconf 75' lang='lat' dir='ltr'><strong>Furnos)</strong></span> <span class='ocrx_word' id='word_1_321' title='bbox 1355 3869 1466 3950; x_wconf 71' lang='lat' dir='ltr'><strong>Alius,</strong></span> <span class='ocrx_word' id='word_1_322' title='bbox 1488 3871 1547 3936; x_wconf 82' lang='lat' dir='ltr'><strong>aad</strong></span> <span class='ocrx_word' id='word_1_323' title='bbox 1567 3873 1636 3952; x_wconf 83' lang='lat' dir='ltr'><strong>sine</strong></span> <span class='ocrx_word' id='word_1_324' title='bbox 1657 3875 1692 3938; x_wconf 89' lang='lat' dir='ltr'><strong>S.</strong></span> <span class='ocrx_word' id='word_1_325' title='bbox 1709 3877 1765 3951; x_wconf 85' lang='lat' dir='ltr'><strong>C.‚</strong></span> 
     </span>
     <span class='ocr_line' id='line_1_35' title="bbox 219 3969 1767 4059; baseline 0.001 -22"><span class='ocrx_word' id='word_1_326' title='bbox 219 3979 360 4038; x_wconf 84' lang='lat' dir='ltr'><strong>diximus</strong></span> <span class='ocrx_word' id='word_1_327' title='bbox 382 3978 414 4037; x_wconf 88' lang='lat' dir='ltr'><strong>in</strong></span> <span class='ocrx_word' id='word_1_328' title='bbox 435 3976 687 4055; x_wconf 77' lang='lat' dir='ltr'><strong>Prolegnmenis</strong></span> <span class='ocrx_word' id='word_1_329' title='bbox 710 3974 750 4037; x_wconf 84' lang='lat' dir='ltr'><strong>nd</strong></span> <span class='ocrx_word' id='word_1_330' title='bbox 773 3993 888 4037; x_wconf 86' lang='lat' dir='ltr'><strong>numos</strong></span> <span class='ocrx_word' id='word_1_331' title='bbox 907 3973 965 4034; x_wconf 82' lang='lat' dir='ltr'><strong>Hi·</strong></span> <span class='ocrx_word' id='word_1_332' title='bbox 1022 3971 1092 4033; x_wconf 80' lang='grc' dir='ltr'><strong>ΑΕ.</strong></span> <span class='ocrx_word' id='word_1_333' title='bbox 1111 3992 1195 4036; x_wconf 86' lang='lat' dir='ltr'><strong>max.</strong></span> <span class='ocrx_word' id='word_1_334' title='bbox 1214 3969 1303 4036; x_wconf 83' lang='lat' dir='ltr'><strong>mod.</strong></span> <span class='ocrx_word' id='word_1_335' title='bbox 1327 3991 1402 4036; x_wconf 87' lang='lat' dir='ltr'><strong>oum</strong></span> <span class='ocrx_word' id='word_1_336' title='bbox 1426 3972 1620 4059; x_wconf 77' lang='lat' dir='ltr'><strong>praegrandi</strong></span> <span class='ocrx_word' id='word_1_337' title='bbox 1642 3976 1767 4039; x_wconf 63' lang='lat' dir='ltr'><strong>cuculo</strong></span> 
     </span>
    </p>
   </div>
   <div class='ocr_carea' id='block_1_3' title="bbox 222 4072 1868 4161">
    <p class='ocr_par' dir='ltr' id='par_1_7' title="bbox 222 4072 1868 4161">
     <span class='ocr_line' id='line_1_36' title="bbox 222 4072 1868 4161; baseline 0.001 -24"><span class='ocrx_word' id='word_1_338' title='bbox 222 4081 351 4161; x_wconf 79' lang='lat' dir='ltr'><strong>spaniae</strong></span> <span class='ocrx_word' id='word_1_339' title='bbox 370 4078 444 4145; x_wconf 81' lang='lat' dir='ltr'><strong>Vol.</strong></span> <span class='ocrx_word' id='word_1_340' title='bbox 462 4079 483 4136; x_wconf 92' lang='lat' dir='ltr'><strong>l.</strong></span> <span class='ocrx_word' id='word_1_341' title='bbox 502 4097 534 4158; x_wconf 92' lang='lat' dir='ltr'><strong>p.</strong></span> <span class='ocrx_word' id='word_1_342' title='bbox 549 4079 579 4138; x_wconf 83' lang='lat'><strong>8.</strong></span> <span class='ocrx_word' id='word_1_343' title='bbox 1021 4072 1055 4131; x_wconf 89' lang='lat' dir='ltr'><strong>in</strong></span> <span class='ocrx_word' id='word_1_344' title='bbox 1075 4091 1189 4135; x_wconf 82' lang='lat' dir='ltr'><strong>museo</strong></span> <span class='ocrx_word' id='word_1_345' title='bbox 1206 4072 1326 4137; x_wconf 87' lang='lat' dir='ltr'><strong>Pisani.</strong></span> <span class='ocrx_word' id='word_1_346' title='bbox 1356 4074 1479 4138; x_wconf 80' lang='lat' dir='ltr'><strong>Similis</strong></span> <span class='ocrx_word' id='word_1_347' title='bbox 1496 4094 1570 4138; x_wconf 87' lang='lat' dir='ltr'><strong>oum</strong></span> <span class='ocrx_word' id='word_1_348' title='bbox 1587 4076 1685 4138; x_wconf 83' lang='lat' dir='ltr'><strong>simili</strong></span> <span class='ocrx_word' id='word_1_349' title='bbox 1702 4076 1763 4148; x_wconf 80' lang='lat' dir='ltr'><strong>oir-</strong></span> <span class='ocrx_word' id='word_1_350' title='bbox 1862 4118 1868 4123; x_wconf 89' lang='lat'><em>-</em></span> 
     </span>
    </p>
   </div>
   <div class='ocr_carea' id='block_1_4' title="bbox 222 4173 1764 4459">
    <p class='ocr_par' dir='ltr' id='par_1_8' title="bbox 222 4173 1764 4459">
     <span class='ocr_line' id='line_1_37' title="bbox 479 4173 1762 4262; baseline 0.002 -25"><span class='ocrx_word' id='word_1_351' title='bbox 479 4224 498 4262; x_wconf 58' lang='lat'><strong>,</strong></span> <span class='ocrx_word' id='word_1_352' title='bbox 583 4179 601 4214; x_wconf 69' lang='lat'><em>*</em></span> <span class='ocrx_word' id='word_1_353' title='bbox 685 4226 704 4262; x_wconf 48' lang='lat'><em>4</em></span> <span class='ocrx_word' id='word_1_354' title='bbox 909 4236 914 4247; x_wconf 73' lang='grc'><em>,</em></span> <span class='ocrx_word' id='word_1_355' title='bbox 979 4224 982 4239; x_wconf 85' lang='grc'>,</span> <span class='ocrx_word' id='word_1_356' title='bbox 1022 4174 1113 4253; x_wconf 86' lang='lat' dir='ltr'><strong>culo,</strong></span> <span class='ocrx_word' id='word_1_357' title='bbox 1135 4173 1318 4253; x_wconf 75' lang='lat' dir='ltr'><strong>sertum,</strong></span> <span class='ocrx_word' id='word_1_358' title='bbox 1335 4176 1442 4241; x_wconf 80' lang='lat' dir='ltr'><strong>estin</strong></span> <span class='ocrx_word' id='word_1_359' title='bbox 1459 4195 1572 4241; x_wconf 84' lang='lat' dir='ltr'><strong>museo</strong></span> <span class='ocrx_word' id='word_1_360' title='bbox 1591 4177 1762 4244; x_wconf 84' lang='lat' dir='ltr'><strong>Caesareo.</strong></span> 
     </span>
     <span class='ocr_line' id='line_1_38' title="bbox 366 4278 1531 4344; baseline -0.007 -1"><span class='ocrx_word' id='word_1_361' title='bbox 366 4281 536 4343; x_wconf 57' lang='lat' dir='ltr'><strong>mmm</strong></span> <span class='ocrx_word' id='word_1_362' title='bbox 1165 4278 1338 4344; x_wconf 60' lang='lat' dir='ltr'><strong>WME</strong></span> <span class='ocrx_word' id='word_1_363' title='bbox 1528 4329 1531 4335; x_wconf 87' lang='lat'><strong>.</strong></span> 
     </span>
     <span class='ocr_line' id='line_1_39' title="bbox 222 4377 1764 4459; baseline 0.001 -12"><span class='ocrx_word' id='word_1_364' title='bbox 222 4384 381 4447; x_wconf 72' lang='lat' dir='ltr'><strong>trama,</strong></span> <span class='ocrx_word' id='word_1_365' title='bbox 422 4383 549 4443; x_wconf 79' lang='lat' dir='ltr'><strong>Mulier</strong></span> <span class='ocrx_word' id='word_1_366' title='bbox 576 4396 671 4443; x_wconf 81' lang='lat' dir='ltr'><strong>stans</strong></span> <span class='ocrx_word' id='word_1_367' title='bbox 698 4384 727 4442; x_wconf 82' lang='lat' dir='ltr'><strong>d.</strong></span> <span class='ocrx_word' id='word_1_368' title='bbox 754 4382 904 4459; x_wconf 75' lang='lat' dir='ltr'><strong>hastam,</strong></span> <span class='ocrx_word' id='word_1_369' title='bbox 938 4401 964 4444; x_wconf 77' lang='lat' dir='ltr'><strong>s·</strong></span> <span class='ocrx_word' id='word_1_370' title='bbox 1023 4377 1265 4447; x_wconf 68' lang='lat' dir='ltr'><strong>ADVENWI.</strong></span> <span class='ocrx_word' id='word_1_371' title='bbox 1298 4378 1638 4449; x_wconf 73' lang='lat' dir='ltr'><strong>AVG··lVDAEAE.</strong></span> <span class='ocrx_word' id='word_1_372' title='bbox 1668 4383 1703 4446; x_wconf 81' lang='grc'><strong>8.</strong></span> <span class='ocrx_word' id='word_1_373' title='bbox 1726 4383 1764 4449; x_wconf 85' lang='lat' dir='ltr'><strong>C.</strong></span> 
     </span>
    </p>
   </div>
   <div class='ocr_carea' id='block_1_5' title="bbox 223 4479 1767 4566">
    <p class='ocr_par' dir='ltr' id='par_1_9' title="bbox 223 4479 1767 4566">
     <span class='ocr_line' id='line_1_40' title="bbox 223 4479 1767 4566; baseline 0 -21"><span class='ocrx_word' id='word_1_374' title='bbox 223 4486 449 4566; x_wconf 83' lang='lat' dir='ltr'><strong>cornucopine.</strong></span> <span class='ocrx_word' id='word_1_375' title='bbox 473 4485 540 4545; x_wconf 83' lang='lat' dir='ltr'><strong>AR.</strong></span> <span class='ocrx_word' id='word_1_376' title='bbox 562 4486 660 4565; x_wconf 83' lang='lat' dir='ltr'><strong>(Mus.</strong></span> <span class='ocrx_word' id='word_1_377' title='bbox 676 4483 785 4562; x_wconf 86' lang='lat' dir='ltr'><strong>Caes.)</strong></span> <span class='ocrx_word' id='word_1_378' title='bbox 1023 4479 1223 4561; x_wconf 83' lang='lat' dir='ltr'><strong>Imperator,</strong></span> <span class='ocrx_word' id='word_1_379' title='bbox 1240 4494 1274 4543; x_wconf 84' lang='lat' dir='ltr'><strong>et</strong></span> <span class='ocrx_word' id='word_1_380' title='bbox 1290 4486 1408 4562; x_wconf 76' lang='lat' dir='ltr'><strong>genius</strong></span> <span class='ocrx_word' id='word_1_381' title='bbox 1422 4483 1566 4544; x_wconf 82' lang='lat' dir='ltr'><strong>Iudaeae</strong></span> <span class='ocrx_word' id='word_1_382' title='bbox 1579 4481 1767 4566; x_wconf 75' lang='lat' dir='ltr'><strong>sacrificau-</strong></span> 
     </span>
    </p>
   </div>
   <div class='ocr_carea' id='block_1_6' title="bbox 259 4683 1369 4768">
    <p class='ocr_par' dir='ltr' id='par_1_10' title="bbox 259 4683 1369 4768">
     <span class='ocr_line' id='line_1_41' title="bbox 259 4683 1369 4768; baseline -0.001 -25"><span class='ocrx_word' id='word_1_383' title='bbox 259 4716 287 4744; x_wconf 69' lang='grc' dir='ltr'><strong>η,</strong></span> <span class='ocrx_word' id='word_1_384' title='bbox 311 4694 455 4768; x_wconf 71' lang='lat' dir='ltr'><strong>spartian.</strong></span> <span class='ocrx_word' id='word_1_385' title='bbox 534 4684 896 4761; x_wconf 61' lang='lat' dir='ltr'><strong>tJJDi0L.LX1X.§.10.</strong></span> <span class='ocrx_word' id='word_1_386' title='bbox 973 4683 1166 4759; x_wconf 77' lang='lat' dir='ltr'><strong>c)Spot·1ion.</strong></span> <span class='ocrx_word' id='word_1_387' title='bbox 1242 4684 1275 4755; x_wconf 71' lang='lat' dir='ltr'><strong>d}</strong></span> <span class='ocrx_word' id='word_1_388' title='bbox 1297 4685 1369 4742; x_wconf 82' lang='lat' dir='ltr'><strong>ibid.</strong></span> 
     </span>
    </p>
   </div>
   <div class='ocr_carea' id='block_1_7' title="bbox 0 0 2010 5370">
    <p class='ocr_par' dir='ltr' id='par_1_11' title="bbox 0 0 2010 5370">
     <span class='ocr_line' id='line_1_42' title="bbox 0 0 2010 5370; baseline 0 2"><span class='ocrx_word' id='word_1_389' title='bbox 0 0 2010 5370; x_wconf 95' lang='lat' dir='ltr'><strong> </strong></span> 
     </span>
    </p>
   </div>
  </div>
 </body>
</html>
