3998 5340
767 451 883 526 SEX.
915 447 1243 540 rottemvs.
1720 470 1765 537 il

218 621 367 687 divertar
392 620 454 685 init
470 644 489 686 a
506 623 583 687 Sex.
593 620 756 708 Pompeio
773 635 906 698 nostro,
929 637 966 686 ot
1200 679 1205 684 .
1360 623 1423 686 iila
1442 626 1583 686 verenda

217 725 341 790 diserte
356 725 421 788 Dio
438 728 486 808 ¹),
512 746 587 788 nam
611 723 730 789 eodem
751 736 835 787 teate
852 743 967 788 consa·
1087 724 1234 808 Regibus
1259 724 1350 788 hirta
1377 745 1490 800 cama,
1525 737 1559 786 ct
1583 745 1667 808 gena
1691 747 1766 790 rosa

216 827 318 905 latua,
352 828 410 913 qui
426 826 604 891 destinatae
624 825 674 887 illi
690 824 770 903 fait,
792 838 865 890 orto
879 825 967 889 inter
1108 890 1109 897 ,
1422 826 1542 907 fiante
1555 828 1683 892 decora.

217 928 365 994 aemulos
380 928 474 993 bello
491 928 668 1011 abnegem
681 940 732 994 eat
745 924 790 1012 b).
1091 927 1264 990 Caesaries
1275 946 1459 1010 compressa
1475 948 1577 990 manu
1592 941 1657 995 est.

280 1032 363 1113 Ejus
384 1029 556 1114 ingenium·
578 1029 630 1093 hic
656 1029 766 1093 verbis
791 1027 967 1113 descripsit
1022 1027 1068 1091 Et
1083 1027 1184 1091 silius
1200 1026 1330 1091 Italicae
1351 1024 1398 1111 ste

218 1133 369 1200 Velleiaa
384 1132 435 1212 0):
465 1132 531 1194 Hic
549 1131 738 1194 adolescens
751 1145 825 1194 arat
841 1135 967 1195 studiis
1087 1132 1176 1207 Ille,
1192 1131 1284 1192 hirta
1295 1133 1358 1193 cui
1373 1129 1560 1212 subrigitur
1575 1133 1772 1214 comasnou·
1879 1115 1882 1124 .

218 1238 341 1311 rudis,
360 1252 510 1295 sermone
532 1232 706 1309 barbarus,
731 1237 858 1316 impetu
883 1246 967 1296 stre·
1463 1243 1516 1310 ta,
1532 1232 1685 1296 decorum
1736 1228 1743 1243 ⁵

219 1355 316 1411 auus,
329 1353 430 1395 manu
440 1344 628 1415 promptus,
649 1338 854 1414 cogitatione
868 1336 965 1410 calar,
1087 1333 1135 1396 Et
1150 1346 1283 1415 gratum
1301 1336 1400 1396 terris
1415 1333 1566 1416 Magnus
1584 1348 1694 1416 caput.

220 1557 295 1600 rum
320 1535 479 1610 litemus,
495 1553 725 1616 seruorumque
746 1557 878 1614 seruus,
898 1559 970 1621 spe·
1025 1550 1176 1622 gonatas,
1194 1539 1317 1619 dequo
1335 1536 1430 1599 infra.
1739 1585 1742 1590 .

219 1639 322 1701 ciasir
335 1636 501 1712 invidens,
514 1646 554 1698 ut
566 1650 699 1718 pararet
715 1637 931 1703 humillimis.
1088 1636 1281 1721 Epigraphc
1306 1636 1403 1718 capiti
1425 1636 1576 1719 Pompeii
1601 1638 1648 1700 Μ.
1662 1635 1770 1700 addita

1025 1742 1221 1806 adsertam
1247 1737 1408 1821 pertinet,
1441 1757 1540 1821 quern
1562 1757 1690 1800 rnorem
1716 1738 1772 1800 hio

524 1819 672 1885 Numi
1026 1855 1213 1906 constanter
1230 1842 1351 1915 tenuit,
1364 1838 1479 1900 saltem
1499 1836 1533 1898 in
1549 1836 1676 1915 numia,
1689 1859 1770 1924 quoa

245 2004 249 2012 ,
366 1938 966 2026 sux.raaGN.Prv8.1MP.capu
1022 1942 1109 2005 hand
1131 1941 1229 2004 dubie
1251 1941 1292 2003 ab
1314 1960 1355 2003 eo
1379 1939 1521 2023 signatos
1541 1952 1677 2005 constat.
1716 1939 1773 2001 Di-

369 2042 428 2106 Cn.
454 2043 600 2123 Pompeii
627 2046 754 2126 patris,
775 2045 969 2126 infraquod
1025 2045 1110 2104 citur
1133 2043 1169 2103 ‘in
1191 2042 1324 2105 denario
1349 2044 1558 2119 lMPerator,
1591 2041 1633 2103 de
1654 2062 1718 2125 quo
1734 2042 1773 2103 ti·

366 2142 460 2208 SAL.
1024 2144 1092 2206 tulo
1115 2165 1207 2227 agam
1225 2143 1493 2229 insequentibus.
1530 2143 1701 2227 singulare
1720 2156 1770 2206 eat

216 2243 385 2305 Plura&
404 2246 535 2307 MuEer
550 2256 644 2307 stans
660 2247 693 2312 d.
706 2249 845 2324 ramum,
863 2269 890 2313 s.
908 2250 966 2310 ita·
1022 2269 1058 2307 ra
1072 2246 1165 2311 SAL.
1180 2246 1330 2330 Pompeji
1347 2245 1445 2329 capiti
1462 2244 1656 2327 subjectum.
1685 2245 1769 2306 Fue·

217 2359 319 2408 stam.
331 2346 403 2409 AR.
417 2347 569 2426 (Marcili
583 2348 618 2408 in
634 2347 710 2413 sam.
726 2348 860 2432 Pomp.)
1021 2368 1076 2423 re,
1108 2348 1163 2432 qui
1189 2348 1300 2413 literas
1323 2347 1381 2409 hac
1406 2346 1563 2430 legendas
1580 2347 1768 2422 SALa'uba‚

379 2446 517 2516 MAGN.
547 2448 654 2535 Caput
670 2450 748 2514 Iuni
761 2453 891 2532 gemini
906 2453 965 2513 im·
1023 2449 1111 2533 qnod
1135 2448 1196 2511 soit
1219 2464 1312 2514 retus
1340 2451 1613 2534 Caesaraugustae
1630 2468 1771 2523 nomen,

381 2549 489 2615 barba.
676 2633 678 2636 Α
871 2536 878 2543 ”
1023 2550 1265 2629 existimarunt,
1285 2573 1366 2638 quoa
1387 2549 1712 2615 interfuitlobertaa
1729 2560 1769 2627 t),

217 2650 327 2716 PlVS.
344 2649 432 2709 IMP.
459 2652 688 2716 Praranavis.
708 2651 780 2717 ᾹΕ.
798 2654 822 2716 1.
838 2637 979 2718 obriua.x
1022 2653 1083 2717 aed
1118 2674 1212 2737 qnam
1241 2654 1287 2715 ibi
1311 2654 1502 2717 sententiam
1531 2651 1602 2733 jure
1631 2651 1772 2735 explosit

280 2752 491 2834 Frequenter
515 2748 549 2810 in
573 2750 679 2813 numia
697 2752 763 2814 auio
780 2754 880 2836 patris
897 2757 965 2817 Ma·
1023 2753 1213 2830 Bimardua,
1238 2754 1293 2838 qui
1317 2754 1386 2836 ejuo
1407 2755 1484 2817 loco
1512 2751 1689 2833 legendum
1705 2754 1772 2815 SA·

218 2854 275 2935 gni
296 2865 393 2934 ceput
414 2848 586 2933 proposuit
603 2852 731 2917 Sextus.
758 2854 862 2937 Caput
880 2854 968 2916 istud
1007 2850 1095 2916 'Lus
1129 2855 1287 2938 conjecit,
1311 2856 1369 2915 sed
1394 2852 1481 2938 quod
1504 2853 1609 2935 ipsum
1641 2873 1770 2935 quoqne

220 2954 407 3036 ambiguum
421 2971 488 3013 non
505 2963 570 3025 eat,
587 2973 661 3014 nam
676 2951 792 3014 eadem
807 2955 877 3034 ejus
894 2969 968 3019 sunt
1024 2967 1162 3038 propter
1181 2955 1297 3018 multae
1324 2953 1434 3017 causae
1454 2975 1520 3017 non
1539 2954 1615 3015 satis
1632 2952 1770 3016 adridet.

219 3056 416 3118 lineamenta
442 3053 477 3114 ia
506 3053 613 3116 numia
642 3054 888 3139 Pompejopoiio
916 3056 968 3120 Ci-
1024 3055 1196 3140 ingeniosa
1225 3070 1275 3120 est
1295 3056 1461 3125 Vaillantii
1489 3055 1680 3138 explicatio,
1714 3054 1770 3136 qni

218 3157 332 3233 liciae,
362 3177 444 3240 quae
467 3170 500 3218 et
520 3155 703 3239 Solopolia,
734 3156 825 3240 eujus
843 3158 870 3219 ia
890 3178 965 3221 con·
1023 3161 1100 3224 citat
1128 3158 1336 3243 Appianum,
1372 3158 1466 3243 cujua
1484 3155 1682 3221 verberant
1708 3152 1769 3217 La'-

217 3259 306 3321 ditor
335 3270 385 3320 eat
414 3256 562 3335 habitae,
598 3272 635 3320 ut
656 3258 778 3322 dictum
804 3260 848 3323 ari
869 3262 963 3344 hujus
1021 3262 1090 3324 tina
1115 3260 1242 3325 reddita
1267 3260 1302 3322 in
1327 3260 1471 3326 editione
1488 3263 1592 3324 Henr.
1612 3257 1769 3342 Stephani

217 3359 309 3423 urbia
333 3378 460 3424 namot.
506 3358 710 3444 Suffragatar
738 3362 836 3427 etiam
859 3365 963 3427 oratio
1024 3385 1098 3448 pag.
1126 3381 1200 3447 729.
1240 3364 1360 3426 Sextua
1388 3375 1519 3427 tantum
1550 3361 1698 3440 Neptuni
1719 3380 1770 3420 sa-

217 3460 407 3538 Plutarclri,
435 3461 509 3545 qui,
540 3459 615 3524 dum
647 3463 718 3546 ejas
747 3463 886 3528 sormam
909 3466 964 3529 de·
1021 3469 1090 3528 cris
1111 3467 1311 3549 operabatur
1332 3477 1363 3527 et
1389 3463 1661 3537 SALATIAE,
1692 3480 1770 3538 qua·

218 3563 349 3638 scribit,
382 3575 544 3626 memorat
564 3583 697 3648 quoque
727 3563 878 3641 irascitur
908 3592 964 3642 της
1021 3588 1094 3629 rum
1119 3571 1221 3630 etiam
1235 3559 1526 3649 filium'appeiari
1540 3585 1576 3625 se
1592 3564 1767 3624 sustinuit.

217 3661 467 3749 reperirentur,
508 3685 635 3727 comam
660 3666 816 3728 nonnihil
833 3690 964 3730 sursum
1021 3668 1073 3730 De
1093 3667 1153 3730 hac
1180 3667 1306 3731 Salacia
1328 3667 1470 3730 Festinat
1494 3664 1663 3729 Salaciam
1684 3663 1770 3724 elice·

214 3766 397 3851 projectum
415 3771 467 3851 d),
495 3767 603 3850 ipsum
620 3786 701 3833 vero
713 3767 846 3851 plenum
867 3769 965 3853 maje-
1022 3768 1104 3830 tant
1121 3760 1215 3831 deam
1231 3790 1352 3850 aquae,
1368 3788 1466 3847 quam
1479 3765 1647 3850 putabant
1659 3764 1769 3826 salum

218 3871 326 3944 staria,
350 3868 607 3954 promotisque,
635 3889 675 3932 ac
695 3884 874 3954 propterea
890 3873 968 3937 Ale·
1025 3871 1131 3946 ciere,
1153 3871 1402 3949 ioaesr,=mare
1423 3892 1561 3934 movere.
1595 3866 1676 3950 Ejus
1702 3885 1768 3927 me·

219 3971 336 4036 xandri
371 3973 419 4038 Μ.
454 3970 594 4034 aimilem
635 3970 793 4037 habitam.
858 3973 964 4050 Adde,
1024 3969 1117 4030 minit
1141 3983 1270 4056 quoque
1285 3973 1392 4038 Varro
1407 3971 1456 4054 h),
1493 3971 1630 4033 Salacia
1646 3967 1768 4047 Neptu·

218 4074 309 4160 quod
337 4075 487 4136 Lucanae
518 4072 560 4136 de
582 4074 735 4158 Pompeji
755 4077 800 4141 Μ.
820 4074 965 4145 crinibus
1023 4075 1061 4134 ni
1076 4076 1122 4135 ad
1137 4074 1230 4152 salo,
1248 4087 1288 4149 ¹et
1306 4075 1424 4139 Cicero
1447 4070 1476 4154 ὶ)
1496 4084 1588 4135 narat
1606 4069 1766 4134 creditum

218 4189 379 4239 memorat
393 4177 443 4258 0):
974 4220 977 4224 -
1022 4173 1200 4259 aliquibus,
1221 4178 1409 4252 Oceanum,
1424 4175 1657 4252 Salaciamque
1677 4172 1769 4235 Coeli

253 4420 284 4490 a)
304 4400 545 4489 unitatae
606 4416 961 4492 imminua.
1055 4421 1086 4491 c)
1102 4419 1134 4476 ι.
1149 4419 1187 4480 11.
1205 4439 1230 4478 ο.
1243 4432 1288 4484 73.
1383 4415 1768 4493 unumunurn.

218 4505 661 4578 e)t>hars.t.v111.v.6ro.‚
728 4508 875 4576 OPnnic.
891 4510 923 4566 L.
938 4507 1016 4567 x111.
1034 4527 1062 4565 v.
1079 4512 1140 4573 86¹.
1235 4512 1267 4586 g)
1288 4509 1581 4585 Tom.11.pag.165.
1671 4509 1707 4579 h)
1729 4506 1766 4562 de

219 4597 252 4653 l..
264 4598 296 4656 L.
313 4596 366 4656 tit.
379 4596 434 4657 lv.
521 4595 547 4669 i)
567 4597 597 4672 in
610 4597 775 4674 fragmento
792 4592 905 4655 Timaei
920 4594 1054 4674 euplii.
1275 4595 1278 4607 '

1478 4671 1652 4753 Da¹
