4012 5370
950 478 1157 550 GALBA.
1477 568 1484 581 .
1742 501 1825 586 '295'

269 663 327 705 ass
350 643 484 704 Liuiam
505 641 717 724 Augustam,
746 644 840 720 cujus
864 648 1015 708 atricae
1069 646 1210 730 Reliqua
1241 646 1414 732 sspliastla
1444 667 1487 712 es
1511 649 1629 714 eodem
1660 653 1736 719 loco
1762 678 1817 743 ps·

265 745 383 824 gratia
396 743 579 825 plurimum
602 745 725 820 valuit,
750 756 784 804 et
801 757 952 807 mortuae
970 759 1016 810 tc·
1070 747 1179 812 tenda.

265 845 752 922 stameutapaeucds’tatuscst.
776 844 1014 929 Suetoniojun·
1184 858 1188 863 '
1213 853 1260 914 Vt
1287 849 1340 915 tu.
1369 853 1403 912 P.
1440 849 1549 925 Galla
1580 873 1677 932 casses
1708 863 1813 922 citato

267 942 396 1027 gendus
413 944 607 1007 Plutarchus
623 945 668 1023 ⁸)=
695 946 756 1006 Aa
774 946 857 1009 baec
876 951 1015 1011 interce·
1213 970 1322 1014 cursu.

263 1048 363 1109 debat
377 1045 505 1108 Galbae
519 1047 634 1124 wana
649 1066 723 1107 cum
742 1048 894 1110 Caesaris
907 1069 1012 1111 usare
1068 1050 1243 1115 cama,
1261 1051 1368 1132 Caput
1378 1053 1545 1129 muliebre,
1560 1074 1641 1136 pras
1656 1078 1718 1137 aua
1729 1061 1814 1121 cluse

265 1148 491 1220 ssoesss'tuda,
513 1157 611 1222 atquc
625 1149 701 1208 lade
719 1147 839 1209 Liuiae
856 1148 1009 1232 beneficio
1067 1155 1194 1233 spicae,
1217 1171 1303 1233 ponc
1319 1154 1384 1216 duo
1404 1156 1549 1235 spicula,
1572 1157 1664 1236 infra
1678 1161 1813 1242 clypeus

264 1248 381 1310 consul
388 1266 431 1308 ea
439 1248 571 1326 palatia
583 1268 778 1329 progressus
791 1263 851 1313 est.
875 1253 953 1311 Mox
964 1251 1011 1312 iu·
1068 1258 1275 1329 contractior
1291 1257 1464 1320 rotundus.
1481 1257 1550 1320 All.
1569 1260 1735 1338 (Metelli,
1753 1263 1812 1327 Pa·

266 1347 316 1409 ira
330 1346 413 1411 aliua
427 1346 575 1429 ejusdem
591 1349 704 1411 Liviae
718 1372 834 1413 numus
851 1351 1010 1434 produce·
1067 1353 1112 1414 tiu
1131 1355 1165 1414 in
1182 1356 1271 1417 Suet.
1291 1377 1322 1437 [t.
1333 1355 1422 1440 ³45.)
1815 1419 1819 1426 .

256 1464 333 1526 ω’,
351 1448 410 1512 sed
428 1450 619 1531 inscriptus:
635 1453 987 1523 D1VA.AVGvsTs.
1128 1457 1204 1518 Fuit
1222 1456 1327 1518 Gallia
1346 1455 1526 1540 impulsore
1546 1457 1687 1525 Vindice
1707 1461 1810 1544 prima

406 1556 452 1612 Vt
472 1554 526 1615 lit.
543 1554 584 1616 B.
1065 1556 1180 1620 saltem
1203 1559 1298 1639 origo
1326 1556 1427 1622 delati
1443 1557 1565 1622 Galbae
1589 1563 1736 1644 imperii,
1765 1580 1809 1626 at·

264 1651 366 1715 BON.
384 1653 547 1720 EVENT.
577 1654 704 1718 Genius
728 1659 835 1719 nudus
858 1671 951 1719 stans
974 1659 1007 1721 d.
1065 1679 1128 1742 que
1149 1680 1190 1723 eo
1206 1661 1302 1722 etism
1321 1678 1418 1721 caeso
1436 1660 1523 1723 iuter
1541 1663 1660 1743 primas
1679 1666 1810 1745 protin-

257 1767 429 1833 passsam,
460 1777 485 1817 s.
499 1759 613 1836 spicas
634 1778 706 1819 cum
712 1759 803 1842 flare
818 1761 1006 1839 papaueris.
1062 1761 1145 1836 cias,
1176 1782 1260 1844 quae
1294 1760 1417 1824 Galbae
1449 1762 1593 1844 partibus
1625 1785 1807 1832 accessere.

262 1855 330 1918 All.
348 1859 448 1935 (blus.
468 1856 575 1936 Caes.)
1059 1861 1178 1925 Gratus
1206 1881 1268 1945 pro
1297 1875 1412 1926 navata
1445 1882 1545 1946 opera
1565 1863 1669 1928 Galba
1692 1865 1807 1931 Gallos

319 1957 373 2020 De
399 1956 463 2020 deo
481 1957 635 2020 Romanis
660 1956 749 2023 dicto
771 1960 883 2022 Bonus
900 1961 1005 2024 Eccu-
1058 1948 1205 2040 civitate,
1224 1977 1259 2026 et
1275 1964 1307 2025 in
1324 1977 1494 2046 posterum
1507 1965 1622 2027 tributi
1643 1966 1807 2033 levamen·

260 2070 331 2129 tus,
357 2058 493 2142 ejusque
519 2059 623 2121 forma
646 2062 744 2142 plene
767 2061 806 2124 sd
825 2061 923 2121 Plinii
949 2061 1004 2122 de-
1059 2078 1093 2125 to
1111 2078 1163 2126 est
1179 2079 1404 2127 remuneratus
1419 2065 1468 2148 b),
1500 2088 1582 2150 quae
1599 2069 1695 2130 etiam
1711 2090 1805 2134 causa

257 2158 468 2240 scriptionem
489 2175 598 2224 exacta
617 2175 725 2225 actum
742 2163 775 2222 in
793 2163 898 2224 numia
915 2163 1003 2224 lami·
1058 2166 1120 2228 fuit
1136 2166 1262 2228 Galliae
1280 2167 1313 2228 in
1326 2167 1430 2229 numia
1450 2168 1637 2249 signandae.

256 2260 384 2327 liarusm
424 2263 540 2324 Fuisse
559 2264 681 2326 Galbae
703 2264 907 2347 praecipuam
929 2284 1002 2327 cau·
1143 2304 1149 2312 ·
1205 2272 1252 2330 Vt
1278 2270 1330 2330 tls.
1356 2269 1396 2332 li.
1432 2269 1541 2331 Galla
1571 2275 1801 2350 cquescs'tata

257 2383 323 2424 sana
339 2365 410 2446 ejus
425 2365 556 2426 colendi
572 2365 613 2427 ob
628 2365 779 2448 dissipata
789 2366 932 2428 feliciter
946 2387 1002 2449 pe·
1201 2389 1311 2432 curus.

255 2455 475 2548 ricula,qua'e
493 2467 590 2548 capiti
610 2467 837 2544 imminebant,
864 2468 998 2531 historia
1055 2470 1182 2535 Tuus.
1210 2469 1416 2533 (tabutas.
1454 2471 1532 2533 Tria
1556 2472 1668 2551 capita
1690 2471 1805 2532 mulla·

254 2566 330 2627 satis
347 2564 464 2642 docet,
479 2589 587 2651 nequa
603 2568 664 2630 alia
682 2589 723 2630 ex
739 2589 833 2631 causa
848 2570 997 2632 Severus
1055 2573 1141 2646 bria,
1159 2586 1235 2633 anta
1248 2590 1387 2647 querum
1396 2570 1532 2651 singula
1545 2584 1594 2631 est
1606 2575 1709 2647 spica.
1732 2570 1800 2633 att.

253 2668 367 2748 primia
389 2669 520 2750 imperii
532 2670 622 2731 annis
640 2669 745 2733 adbuc
763 2669 901 2734 turbidis
916 2671 999 2733 salu·
1054 2671 1206 2752 (Metelli
1221 2671 1253 2731 in
1268 2670 1358 2732 Fam.
1376 2669 1498 2750 Sulpic.
1519 2684 1553 2732 et
1570 2671 1603 2730 iu
1621 2672 1723 2754 lmpp.
1740 2673 1801 2734 Pa·

254 2768 314 2829 tari
339 2770 416 2832 huic
442 2768 506 2831 deo
534 2784 695 2833 monetam
722 2769 893 2835 dedicavit.
945 2771 998 2832 Ad
1055 2773 1141 2834 tinus
1161 2772 1194 2831 in
1212 2771 1348 2833 Sueten.
1366 2769 1691 2851 assumamus

252 2869 376 2932 calcem
416 2891 588 2937 nnmerum
627 2872 749 2934 Galbae
787 2885 996 2933 antonomum
1115 2874 1239 2932 Numus
1260 2869 1313 2931 bia
1330 2883 1397 2931 tres
1415 2883 1538 2931 tantum
1561 2870 1681 2934 Gallias
1701 2872 1796 2945 sistit,
1839 2903 1841 2910 ·

250 2989 324 3032 cum
344 2973 452 3054 capite
473 2973 743 3047 Boni'Euerstus,
774 2972 832 3034 sed
862 2987 895 3035 et
911 2973 996 3035 bua'c
1052 2972 1116 3050 etsi
1132 2985 1270 3047 constet,
1286 2970 1326 3034 ab
1347 2975 1496 3053 Augusto
1514 2991 1644 3033 omnam
1662 2972 1797 3033 Galliam

250 3074 664 3157 coimperautesignatum
681 3074 874 3144 recensebo.
985 3125 987 3128 .
1052 3074 1086 3134 iu
1106 3071 1244 3158 quatuor
1261 3072 1443 3155 provincias
1458 3072 1560 3134 faisse
1584 3071 1797 3147 distributam,

396 3179 442 3239 Vs
461 3177 512 3238 tis.
529 3178 574 3238 A.
1050 3175 1319 3249 Narbonensem,
1377 3171 1616 3258 Aquitanicam,
1667 3174 1797 3259 Lugdu·

251 3275 521 3340 contortum.
544 3276 891 3344 PROVINCIARVM.
916 3277 993 3336 Mu·
1050 3296 1206 3350 aeneum,
1227 3275 1409 3358 Belgicam.
1453 3275 1554 3338 Credi
1575 3289 1705 3358 posset,
1744 3296 1796 3338 ex·

246 3377 311 3438 ls'sr
325 3393 421 3440 stans
437 3382 467 3442 d.
483 3400 621 3453 sumum,
637 3402 663 3442 s.
673 3380 902 3459 carnuccplae.
919 3378 990 3444 AV.
1049 3378 1172 3440 clusam
1188 3375 1373 3459 Belgicam,
1396 3377 1469 3458 quis
1488 3375 1794 3457 restauraturus),
1815 3362 1825 3370 ’

247 3478 316 3541 dli.
1050 3479 1215 3561 proximas
1251 3477 1454 3564 Germanicis
1487 3476 1687 3538 exercitibus
1718 3475 1793 3539 Gal·

309 3580 449 3662 lnsiguis
462 3601 590 3655 numus,
605 3599 646 3642 ex
664 3598 740 3661 quo,
759 3575 909 3642 hortante
924 3580 990 3662 pri·
1049 3580 1166 3642 lissum
1210 3577 1358 3641 civitates
1391 3562 1506 3660 ⁸rateque
1545 3576 1596 3657 jus
1637 3575 1791 3649 civitatis,

244 3699 334 3741 saum
362 3682 523 3756 Vindice,
549 3680 773 3744 consentiente
800 3679 918 3743 deinde
939 3702 990 3744 se-
1048 3701 1156 3764 nequc
1199 3676 1312 3740 tributi
1353 3678 1590 3746 levamentum,
1642 3689 1678 3737 ut
1713 3678 1791 3739 reli·
1869 3720 1873 3725 -

242 3794 331 3857 aatu,
347 3783 531 3864 provincias
550 3782 677 3846 tandem
695 3799 808 3842 omnes
823 3780 856 3842 iu
866 3781 989 3845 Galbae
1047 3803 1148 3865 quas,
1170 3802 1187 3841 a
1208 3777 1310 3840 Galba
1340 3777 1489 3860 adeptas,
1517 3779 1670 3862 quasdam
1692 3773 1788 3839 etiam

241 3881 343 3945 verba
357 3885 482 3965 jurasse
501 3886 725 3966 intelligimus.
1045 3883 1161 3944 linibus
1180 3879 1338 3962 ademptis
1354 3879 1511 3952 multatas,
1528 3879 1682 3940 nimirum
1701 3881 1789 3961 quod

384 3988 430 4045 Vs
447 3987 500 4048 lit.
523 3989 563 4046 D.
581 3989 623 4048 H.
647 3989 710 4050 Aa.
1044 3983 1181 4057 lentius,
1222 4001 1319 4044 caeso
1355 3982 1452 4044 etism
1481 3978 1639 4056 Vindice,
1680 3980 1720 4043 ad
1751 4002 1786 4044 so
1860 4005 1873 4046 t

239 4086 358 4151 ntvs
372 4086 592 4161 AYGVSTA.
616 4089 717 4149 Livia
734 4104 828 4152 stans
846 4093 878 4155 d.
895 4101 986 4170 pata·
1044 4098 1258 4148 accesserant.
1280 4082 1346 4144 ,Δί
1366 4081 1482 4158 rideo,
1512 4083 1609 4145 otiam
1639 4082 1673 4142 in
1703 4103 1784 4145 mar·

238 4188 505 4250 rums-lsassum.
528 4188 598 4250 AV.
615 4190 685 4252 stt.
1043 4186 1189 4249 moribus
1225 4205 1293 4248 uon
1328 4202 1404 4247 raro
1441 4181 1572 4246 excludi
1608 4183 1785 4266 Belgicam.

302 4290 409 4371 Supra
425 4289 983 4356 subAVGVSTAeandcmLiviaua
1043 4290 1098 4352 Sic
1128 4289 1162 4349 in
1187 4305 1350 4349 marmora
1373 4283 1458 4366 apud
1482 4283 1660 4347 Gruterum
1683 4281 1715 4363 d)
1738 4284 1786 4346 le·

241 4388 359 4454 codam
394 4391 500 4462 cultu,
538 4390 597 4454 sed
628 4390 799 4455 sedentem
836 4392 984 4456 vidimus.
1043 4391 1147 4476 gitur:
1186 4389 1337 4454 Tfflvtt
1367 4385 1500 4451 Pnov.
1530 4384 1659 4450 GALL.
1680 4385 1784 4453 LVG·

215 4619 306 4686 aa)
325 4617 360 4674 lu
375 4618 472 4675 Galba
488 4641 515 4695 p.
529 4629 606 4681 loss.
726 4620 761 4691 b)
781 4615 874 4674 Tacit.
892 4620 1040 4683 tituto.
1062 4613 1463 4692 etPlut.iuGalb.p.1060.
1584 4618 1614 4686 c)
1635 4614 1782 4679 tituta.

241 4705 274 4762 st.-
294 4725 358 4783 pag.
370 4719 433 4768 llo.
449 4720 474 4770 ὅ.
