3998 5340
841 460 1172 584 svovsrvs.
1225 541 1228 545 ,
1666 563 1669 566 ῃ
1736 487 1782 554 35

228 640 337 691 narrat
356 625 530 692 Suetonius
553 628 601 711 ¹)t
620 647 680 691 nec
693 626 837 693 inultum
854 631 976 715 obfuit,
1031 653 1105 696 sum
1136 631 1319 706 cancellis,
1332 656 1336 661 ·
1349 633 1443 709 cujus
1471 634 1628 719 epistylio
1664 640 1782 702 insert·-

228 734 309 808 qut‘n
329 736 445 796 statim
465 732 619 794 diademo
634 743 795 809 sumeret,
821 736 978 813 speciem·
1028 745 1143 815 ptum:
1169 734 1258 796 ΙΜΡ.
1275 733 1464 807 CAESAR,
1482 734 1632 818 fastigio
1651 741 1783 806 insistat
1912 742 1915 745 ’

221 835 508 914 quoprincipotus
527 835 563 891 in
576 832 829 912 regnisormam
837 852 978 898 eonver-
1034 833 1189 896 Victoria
1204 853 1303 913 super
1314 835 1423 914 globo.
1440 835 1512 899 Alt.
1530 837 1633 915 (Mus.
1645 838 1758 922 caes.)

226 945 320 996 tcrct.
353 934 508 998 Ceterum
528 952 609 1016 quae
628 931 730 996 fuerit
746 951 887 998 coronae
904 932 976 998 lau·
1094 932 1290 995 aediticium
1311 932 1416 1009 istud,
1456 933 1544 1017 quod
1566 938 1682 1020 templi
1703 960 1780 1024 spe·

224 1054 304 1098 reas
321 1035 400 1100 viris
422 1034 803 1098 illustribusaRomanis
821 1034 975 1101 decretae
1033 1034 1117 1098 ciera
1140 1033 1296 1120 praebet,
1324 1034 1542 1112 videturesse
1569 1037 1660 1100 ouria
1681 1040 1780 1116 lulis,

226 1135 430 1219 significatio,
449 1136 553 1219 aptius
572 1135 769 1199 disseremus
783 1136 819 1198 in
835 1151 974 1205 tractatu
1021 1158 1128 1221 „quam
1145 1136 1213 1199 ota
1230 1149 1391 1199 memorat
1410 1147 1607 1200 exstructam
1624 1138 1664 1202 ab
1678 1140 1782 1205 Octa·

226 1235 268 1299 d'e
285 1237 375 1298 cultu
392 1238 508 1320 capitis
527 1237 757 1322 Augustorum.
1030 1239 1127 1304 viano
1139 1239 1174 1300 in
1187 1237 1289 1323 patris
1305 1237 1380 1300 Iulii
1394 1238 1604 1318 memoriam,
1629 1253 1665 1303 et
1678 1241 1720 1310 V.
1738 1243 1779 1311 C.

287 1339 441 1424 Denique
459 1339 603 1404 insolens
621 1339 655 1401 in
676 1338 739 1402 hoc
759 1358 890 1425 quoque
913 1364 971 1406 nu·
1029 1344 1093 1423 726
1110 1340 1313 1418 dedicatam,
1341 1339 1544 1425 positamque
1561 1341 1595 1403 in
1612 1362 1651 1405 ea
1663 1341 1779 1427 imagi·

225 1461 281 1503 sno
306 1455 355 1503 eet
376 1443 501 1504 metalli
523 1443 692 1516 volumen,
722 1441 810 1524 quod
835 1443 885 1504 illi
907 1456 971 1507 rna·
1026 1465 1105 1507 nem
1121 1443 1289 1511 Victoriae
1303 1446 1449 1507 Tarento
1466 1443 1544 1506 oiim
1561 1442 1717 1507 adrectae
1735 1446 1778 1524 ο).

229 1543 309 1605 nimi
324 1545 446 1606 moduli
466 1544 625 1606 honorem
646 1541 780 1619 tribuit,
801 1565 884 1629 quae
902 1547 971 1630 qni·
1028 1546 1145 1624 addit,
1164 1567 1234 1609 cam
1248 1559 1383 1608 statuam
1403 1567 1460 1608 sua
1478 1542 1583 1606 adbuc
1599 1558 1704 1611 aetate
1722 1567 1780 1610 en·

225 1645 301 1708 dem
324 1667 419 1709 causa
440 1646 616 1731 praecipua
637 1655 706 1720 est,
734 1664 794 1706 oar
819 1665 895 1708 eum
912 1669 971 1711 err·
1027 1647 1164 1720 stitisse,
1180 1647 1279 1728 cujus
1294 1647 1393 1708 etiam
1408 1647 1607 1708 mentionem
1620 1645 1697 1710 facit
1709 1649 1779 1711 He·

226 1761 274 1810 tra
306 1745 421 1809 urbem
454 1749 615 1832 signatum
644 1743 793 1821 credam,
832 1749 907 1830 quia
935 1750 970 1812 in
1028 1748 1182 1812 rodianue
1204 1745 1249 1829 d).
1288 1748 1326 1809 Id
1349 1746 1558 1809 simulacrum
1581 1746 1615 1807 in
1637 1746 1777 1832 Augusti

223 1847 283 1911 bac
309 1849 410 1911 moris
427 1850 491 1912 hoe
518 1869 599 1912 aero
625 1864 692 1907 non
718 1846 781 1908 fuit
797 1868 914 1912 aureos
935 1865 969 1915 et
1026 1849 1144 1914 funere
1166 1847 1268 1911 fuisse
1286 1862 1526 1932 praegestatum
1544 1847 1643 1910 docet
1660 1848 1778 1912 Sueto-

222 1963 397 2034 argenteos
427 1952 559 2033 majoris
580 1950 706 2015 formae
729 1951 862 2018 ferire..
885 1953 968 2016 Con·
1025 1951 1099 2014 nine
1122 1952 1169 2031 ο),
1188 1950 1315 2034 fuitque
1334 1948 1479 2014 Victoria
1495 1949 1559 2012 hoc
1576 1950 1667 2012 cultu
1684 1949 1777 2012 velut

179 2071 181 2074 ·
219 2052 380 2133 jacturam
400 2064 498 2136 auget
519 2067 613 2136 typus
642 2074 793 2129 aversae,
824 2055 857 2117 in
876 2056 967 2139 cujus
1026 2051 1189 2136 quoddam
1201 2050 1330 2134 imperii
1345 2051 1482 2134 insigne,
1499 2065 1533 2113 et
1547 2049 1691 2133 quamvis
1702 2050 1776 2112 sub-

219 2172 297 2215 area
311 2151 378 2213 dixi
395 2174 467 2217 esse
485 2177 573 2217 aram
592 2156 782 2221 imminente
801 2171 967 2241 serpente,
1025 2155 1089 2216 lata
1111 2152 1153 2215 ab
1174 2152 1428 2234 imperatoribus
1447 2152 1568 2214 Christi
1584 2150 1684 2213 iidem
1698 2171 1776 2235 pro·

221 2253 282 2316 sed
318 2274 414 2336 quam
451 2254 538 2318 forte
570 2258 691 2320 rectius
722 2256 967 2341 Harercampas
1024 2256 1137 2332 fessis,
1161 2254 1329 2317 utdecent
1346 2253 1557 2339 Ambrosius,
1577 2266 1610 2316 et
1625 2254 1774 2317 Pruden-

222 2355 390 2436 mysticam
408 2356 532 2420 Bacchi
549 2358 847 2442 cistamcensetb).
880 2358 917 2422 Id
940 2360 968 2423 si
1021 2357 1089 2420 tius
1109 2369 1222 2419 contra
1244 2356 1488 2438 Symmachum,
1505 2369 1614 2418 tamen
1632 2350 1773 2420 eandem

221 2477 360 2533 rerum,
381 2458 551 2539 probabile
570 2474 645 2539 est,
657 2462 818 2547 signatum
837 2462 875 2523 in
889 2462 967 2526 Asia
1020 2459 1127 2543 ipsam
1148 2458 1182 2519 in
1200 2459 1305 2520 nnmis
1327 2456 1430 2519 infimi
1449 2458 1521 2523 aevi
1544 2456 1692 2524 ridemus
1715 2458 1776 2521 im·

217 2560 456 2644 proconsulari,
471 2575 504 2625 et
520 2582 593 2624 esse
610 2562 684 2644 jare
696 2565 788 2627 inter
797 2565 969 2649 cistopho·
1023 2572 1215 2646 ,pecatorum
1233 2559 1370 2624 demere
1386 2558 1563 2644 praeferri.

219 2683 277 2724 ros
299 2660 529 2740 referendum,
559 2683 696 2746 qnorum
718 2667 831 2751 piures
853 2667 968 2730 eadem
1284 2710 1304 2749 ,
1387 2660 1424 2699 *⁴
1492 2708 1512 2746 4

216 2764 292 2826 fere
315 2775 421 2826 aetate
445 2783 520 2826 cum
549 2764 654 2848 capita
674 2770 721 2833 M.
739 2767 891 2846 Antonii,
915 2769 972 2830 in·
1191 2770 1346 2830 Protome
1360 2763 1506 2826 Dionos.

219 2864 398 2945 scriptione
421 2852 672 2950 item’utrinque
699 2869 829 2943 Latina,
851 2868 968 2932 eodem
1024 2858 1775 2946 mnestzsatt.sumptum-aptaryttorem·

219 2964 407 3041 volumine,
429 2978 529 3029 etex
555 2965 676 3029 eodem
699 2969 832 3033 metalio
851 2970 968 3054 signati
1024 2969 1117 3052 plilr
1143 2970 1385 3040 columnarum,
1410 2964 1504 3025 intro
1528 2963 1685 3044 templum
1708 2977 1776 3026 tro·

219 3081 305 3131 sunt.
355 3065 452 3129 atta
493 3066 648 3130 indicium
690 3068 778 3133 aliud
814 3091 880 3133 non
920 3094 971 3135 as-
1021 3090 1144 3152 poeum
1170 3071 1307 3145 novule,
1335 3084 1475 3148 superne
1497 3066 1669 3143 triquetra.
1700 3065 1773 3132 AV.

218 3168 444 3254 pernsndum,
480 3168 565 3232 hunc
596 3169 701 3252 ipsum
729 3193 862 3235 numum
891 3174 966 3258 plus
1019 3174 1126 3253 (Mus.
1144 3171 1255 3251 Caes.)
1277 3169 1348 3231 att.
1365 3162 1509 3241 denarii,
1531 3176 1565 3226 et
1584 3184 1669 3231 max.
1682 3168 1771 3231 mod.
1896 3230 1905 3241 ,

218 3269 347 3333 duobus
365 3269 504 3334 saeculis
524 3270 558 3331 in
576 3292 691 3335 museo
709 3275 870 3338 Caesareo
890 3296 968 3338 con⁴
1024 3273 1174 3356 (Morelli
1189 3276 1289 3356 Impp.
1305 3291 1337 3352 p.
1350 3269 1438 3349 aio.)

218 3374 386 3457 spicuam,
418 3385 452 3435 et
475 3393 516 3435 ex
536 3391 577 3433 eo
600 3370 665 3454 jam
686 3373 967 3466 editumaWoif·
1086 3377 1210 3453 Diana,
1242 3387 1416 3456 tropaeum
1443 3365 1576 3444 navale,
1608 3368 1771 3455 triquetra

220 3496 328 3561 gango
351 3474 471 3551 Laaio,
491 3472 722 3541 Vindobonam
740 3476 872 3539 allatum
888 3478 968 3543 fuis⁴
1019 3476 1064 3539 sd
1080 3490 1277 3562 postremam
1302 3468 1473 3536 Octaviani
1495 3467 1536 3530 ad
1559 3468 1771 3534 Artemisium

218 3597 256 3640 se
288 3597 330 3639 ex
359 3575 497 3639 Oriente
527 3574 568 3637 ab
598 3575 745 3661 augerio
777 3579 963 3646 Busbecltio
1021 3577 1153 3641 Siciliae
1171 3577 1213 3666 rie
1238 3577 1316 3639 Sex.
1341 3569 1502 3652 Pompejo
1530 3564 1704 3635 victoriam
1726 3572 1769 3635 ad

219 3676 660 3762 Fsrdinandii.Aug.apnd
676 3683 803 3744 Tereos
820 3695 962 3760 oratore,
1022 3680 1155 3756 ludant,
1183 3677 1225 3742 dc
1246 3697 1309 3761 qua
1332 3671 1425 3748 vide,
1457 3689 1540 3755 quae
1564 3672 1770 3737 monebimus

219 3794 257 3842 ut
271 3778 382 3842 notari
397 3779 429 3840 in
445 3779 590 3844 Historia
601 3781 707 3846 musei
724 3783 877 3847 Caesarei
890 3785 962 3869 ejus
1020 3783 1062 3845 ad
1086 3798 1202 3843 numos
1221 3777 1301 3844 unni
1325 3775 1367 3843 V.
1381 3774 1417 3837 C.
1440 3772 1522 3849 733,
1552 3774 1627 3837 nam
1644 3775 1672 3838 is
1697 3775 1770 3860 ejus

218 3882 369 3966 catalogo
382 3878 535 3964 praelixa.
1019 3882 1098 3947 facti
1115 3881 1304 3944 memoriam
1324 3880 1473 3965 pluribus
1488 3876 1595 3943 adhuc
1611 3875 1769 3960 deinceps

480 4009 500 4047 n
582 3964 602 4001 ⁴
685 4013 705 4051 s
1021 3982 1112 4048 annis
1130 3983 1164 4043 in
1176 3997 1315 4047 -moncta
1329 3980 1521 4047 celebravit.

368 4082 476 4161 Caput
493 4042 644 4149 Caesaris
661 4089 795 4151 nudum.
1276 4128 1297 4168 4
1381 4081 1401 4119 '⁹
1487 4129 1508 4166 „

216 4185 308 4250 tttl’.
319 4182 502 4252 CAESAR.
521 4188 777 4273 Vlctoaiuglobo
789 4188 962 4252 insistens.
1169 4187 1276 4262 Caput
1295 4184 1453 4249 Caesaris
1469 4184 1685 4247 laureatum

216 4286 290 4356 AV.
309 4288 380 4354 att.
398 4291 498 4369 (iius.
517 4290 628 4372 Caes.)
1017 4288 1107 4351 tatP.
1124 4285 1310 4351 CAESAR.
1334 4285 1499 4349 Columna
1517 4287 1643 4350 navim
1662 4279 1789 4348 rostris.

282 4391 399 4471 Alius,
413 4391 473 4453 scd
480 4390 666 4475 aedificium
676 4386 813 4471 degens
824 4401 856 4452 et
868 4393 960 4456 eloe·
985 4457 992 4479 ι
1018 4405 1052 4456 et
1066 4392 1202 4453 ancoris
1217 4398 1406 4457 exornato,
1433 4401 1543 4462 super
1553 4399 1649 4473 qua
1667 4377 1800 4438 simulo·

212 4505 1804 4557 ffl———fi—-n—-V‘

254 4595 446 4744 agluCalig.
466 4609 546 4659 cat.
656 4599 692 4670 b)
713 4595 829 4654 Morelli
845 4598 941 4676 lrnpp.
961 4599 1070 4674 ptos·
1184 4597 1215 4667 c)
1236 4591 1337 4651 L.1.t.
1359 4602 1448 4654 cut·
1567 4608 1619 4689 ἱ(χ)
1646 4586 1699 4643 '1¹¹
1711 4567 1831 4667 nibli·

216 4691 247 4760 e)
296 4706 341 4763 ap·
358 4699 418 4748 100.
