3998 5340
810 433 1188 508 ffacntnNttS.
1687 459 1762 526 502

219 627 305 672 nunc
328 608 385 670 bis
403 606 542 671 hahetur
559 606 606 687 ¹),
639 605 797 669 eversam
823 623 966 666 commo·
1022 604 1086 664 riis
1115 615 1186 665 erat
1205 601 1369 682 irretitus,
1410 608 1497 691 quod
1518 622 1692 696 utrumque
1714 634 1767 676 ro-

218 706 261 773 de
290 710 432 794 explicat
463 709 628 792 cognitum
650 707 806 770 Hadriani
840 706 966 768 institu-
1022 702 1088 765 sert
1119 704 1316 788 Spartianus.
1358 707 1434 769 Fuit
1470 729 1551 794 orgo
1578 731 1640 795 per
1667 713 1768 777 inter·

218 826 306 888 tum,
344 811 506 896 siquidum
544 809 719 873 definiente
750 805 965 883 Ciceroneb)
1022 805 1107 870 vulla
1128 805 1283 890 pudicus,
1322 804 1570 893 et'impudicus.
1613 815 1794 877 etenim-
1830 865 1844 873 s.

214 917 388 997 patientia·
405 913 676 988 estkcnestctis,
714 923 776 972 cut
801 910 966 973 utilitatis
1022 907 1113 969 numi
1142 910 1412 982 coaevivirtutes
1439 925 1562 975 tantum
1583 913 1771 998 principum

219 1035 452 1077 consererem
476 1016 675 1090 arduorum,
711 1032 752 1073 ac
768 1011 963 1097 difficilium
1021 1025 1220 1105 memorant,
1240 1012 1356 1075 relicta
1378 1013 1536 1076 historiae
1557 1028 1632 1096 poet
1649 1035 1767 1082 corum

218 1117 429 1190 voluntarie,
452 1116 670 1177 aedictumu
681 1115 859 1199 perpessio.

367 1219 413 1277 Vt
428 1216 489 1279 lit.¹
502 1215 539 1277 B.

1022 1111 1145 1174 obitum
1180 1112 1361 1178 exorandae
1396 1114 1551 1179 vitiorum
1588 1117 1768 1183 mentione.

1023 1215 1078 1278 Sic
1107 1214 1196 1277 numi
1227 1235 1356 1301 quoque
1387 1216 1582 1302 frequenter
1607 1218 1769 1283 Radriani

217 1316 540 1386 PROVIDENTIA.
557 1315 760 1391 DEORVM.
778 1317 812 1382 S.
828 1318 872 1381 C.¹
886 1317 966 1380 ‘ior
1023 1316 1229 1381 clementiam
1249 1331 1403 1401 crepant,
1426 1317 1484 1383 sed
1503 1317 1661 1383 violentas
1684 1341 1770 1384 mon
1822 1323 1826 1332 “

214 1432 349 1502 perator
370 1431 506 1501 togatus
523 1432 619 1481 stans
635 1421 667 1484 d.
684 1433 841 1496 extenta,
862 1442 889 1484 s.
911 1439 963 1481 co·

217 1524 327 1582 lumen
344 1524 480 1603 respicit
494 1521 644 1600 aquilam
655 1540 794 1601 superna
808 1521 965 1583 advolan-

217 1633 301 1696 tem,
323 1635 356 1683 ct
371 1624 550 1704 scipionem
571 1624 738 1704 unguibus
754 1622 968 1705 deferentemv

219 1723 288 1782 ΑΕ.
304 1724 327 1782 Ι.
341 1724 381 1785 ll.
394 1725 491 1795 (Mus.
505 1724 621 1799 (iaec.)

263 1823 378 1885 iudice
400 1824 551 1887 Tristano
567 1835 594 1906 ο)
615 1822 799 1887 Hadrianus
812 1863 816 1870 -
829 1823 894 1886 lnce
920 1837 966 1908 ty·

220 1945 262 2008 po
292 1946 381 1987 suam
407 1924 440 1987 in
469 1947 606 2009 superos
634 1926 788 2009 pietatem
818 1938 965 2002 testatur,

1020 1431 1071 1480 tes
1100 1416 1244 1480 virorum
1270 1419 1445 1481 illustrium
1483 1440 1525 1482 eo
1555 1420 1621 1487 rita
1655 1421 1775 1487 iuncto

1022 1519 1158 1600 collegit
1179 1518 1320 1580 historia
1333 1519 1533 1605 incorruptus

1166 1623 1211 1683 Vt
1226 1620 1279 1682 lit.
1297 1620 1345 1685 ll.v

1021 1719 1335 1787 RESTITVTORI.
1347 1717 1489 1787 onem
1508 1723 1774 1792 TERRARVM,

1024 1823 1058 1890 S.
1075 1823 1111 1887 C.
1128 1824 1316 1905 Imperator
1338 1835 1474 1905 togatus
1489 1836 1583 1887 stans
1597 1826 1768 1890 mulierem

1020 1925 1304 2010 genuflectenum
1318 1927 1428 2005 capite
1442 1931 1588 2001 turrito,
1601 1939 1633 1987 et
1650 1950 1677 1987 s.
1694 1932 1768 2009 glo·

218 2026 370 2088 nimirum
394 2028 536 2111 quinon
558 2027 824 2105 crederet,.sese
846 2041 900 2090 aut
922 2027 966 2090 la·
1023 2023 1774 2107 bumtenearemsublavar.detractandam.)

218 2142 271 2204 to,
309 2142 364 2190 aut
385 2128 511 2192 meritis
533 2131 616 2207 suis,
650 2130 710 2193 sed
731 2130 868 2193 deorum
892 2150 967 2212 pro·
1067 2126 1172 2209 Supra
1194 2125 1228 2186 in
1249 2125 1355 2188 nemis
1378 2127 1610 2211 geographicis
1639 2128 1768 2196 abunde

220 2229 381 2292 videmiae
412 2229 536 2293 debere
558 2231 750 2314 imperium,
786 2230 882 2314 quod·
902 2231 965 2314 ipsi
1023 2226 1186 2302 vidimus,
1231 2240 1385 2310 quantum
1422 2229 1600 2314 provinciis
1632 2232 1774 2315 singulis

218 2330 432 2394 statuentibus
463 2332 510 2396 sic
538 2332 599 2395 diis
621 2333 761 2395 truditur
781 2333 881 2394 misso
902 2352 964 2415 per
1021 2328 1227 2392 benefecerit
1249 2329 1448 2407 Hadrianus,
1479 2331 1598 2416 quihus
1619 2333 1771 2396 omnihus

217 2434 357 2516 aquilam
384 2435 469 2498 Iovis
498 2436 675 2496 ministram
698 2435 862 2518 scipione,
906 2454 964 2495 seu
1021 2430 1055 2493 in
1083 2453 1183 2493 unum
1214 2432 1362 2495 collectis
1397 2424 1514 2517 diguus
1551 2447 1603 2498 est
1631 2432 1774 2511 habitus,

219 2550 350 2620 seeptro
377 2537 508 2620 imperii
529 2536 670 2620 insigni,
705 2536 745 2596 in
769 2557 864 2618 quam
891 2556 964 2597 rem
1022 2533 1077 2617 qui
1099 2554 1170 2594 uuo·
1193 2533 1325 2596 nomine
1348 2538 1524 2598 restitutor
1552 2537 1642 2599 orbis
1669 2549 1775 2599 terru-

220 2653 402 2723 cppcrtun'e
433 2639 509 2701 citat
536 2630 772 2713 Eustathium,
801 2657 842 2698 ex
872 2637 964 2713 cujus

219 2741 378 2804 sententia
401 2743 524 2821 aquila
537 2744 639 2803 index
660 2751 711 2801 est
724 2739 965 2820 procidentiae,
1024 2778 1026 2780 -

201 2837 252 2903 'et
280 2847 417 2920 umoris,
452 2864 526 2923 quc·
546 2834 698 2925 Inppitcr'
724 2843 760 2903 in
784 2841 965 2902 hamanum

216 2946 455 3028 genusfertur·

365 3050 411 3109 Vt
432 3046 486 3111 lit.
505 3047 553 3110 A.

218 3147 361 3214 Pvmc.
382 3148 420 3212 P.
443 3150 489 3211 M.
519 3149 588 3211 ΤΗ.
610 3144 652 3211 Ρ,
671 3144 767 3210 COS.
789 3145 845 3208 111:
890 3143 966 3206 Mu·

220 3252 285 3312 lier
307 3250 420 3313 celate
441 3262 537 3311 stans
564 3252 704 3311 dexteru
725 3252 818 3311 intro
842 3258 964 3309 vestem

219 3353 345 3414 abditu.
367 3351 436 3414 alt.
452 3351 664 3424 (Muncaes.)

260 3452 421 3516 Pudicitia
448 3473 541 3515 rarus
569 3465 619 3513 est
651 3465 746 3533 typus
787 3452 821 3511 iu
859 3448 965 3511 nuruis

221 3555 458 3637 Augustorum,
489 3567 520 3617 at
542 3552 698 3639 frequens
720 3552 753 3613 in
775 3553 881 3614 numia
904 3555 967 3613 Au-

220 3669 396 3737 gustarum.
435 3655 628 3719 Pudicitiam
657 3654 805 3738 probarit
831 3654 967 3718 Hadria·

221 3778 298 3835 nus,
318 3757 459 3842 ‘quando
477 3779 534 3821 ecs
559 3758 598 3821 ab
623 3757 704 3820 aula·
722 3757 877 3833 removit,
909 3760 968 3837 qui

220 3861 309 3940 opud
326 3859 484 3922 Sabinum
505 3878 644 3922 uxorem
656 3861 875 3941 familiarius
896 3879 968 3940 ege·

219 3973 308 4033 runt,
325 3980 424 4039 quum
444 3965 630 4023 reverentia
643 3964 760 4023 dumus
768 3963 901 4024 aulicae
910 3980 968 4039 po·

220 4063 388 4137 stulubct,
411 4060 659 4144 impudicitiam,
691 4062 968 4148 quaudoudulto·

219 4184 292 4224 rum
320 4183 432 4225 umore
458 4171 552 4247 (quos
579 4164 667 4228 inter
692 4166 833 4250 primum
857 4164 967 4227 locum

1023 2654 1095 2696 rum
1115 2623 1301 2697 diceretur«

1167 2737 1280 2799 Velit.
1298 2734 1349 2799 Η.-

1022 2832 1504 2903 ROMVLOsCONDITORIa
1524 2836 1687 2898 Romulus
1710 2857 1776 2920 pu-
1826 2822 1829 2827 ¹

1022 2939 1159 3001 lude-tus
1171 2941 1329 3020 gradiens
1340 2941 1371 3001 d.
1386 2941 1533 3014 hostum,
1554 2950 1769 3020 arrepticiam

1021 3060 1119 3123 super
1133 3039 1279 3106 humere.
1301 3040 1371 3105 att.
1389 3043 1489 3124 (Mus.
1505 3040 1615 3127 Caes.)

1028 3192 1032 3201 .
1063 3141 1240 3203 Romulum
1277 3144 1367 3207 urbis
1405 3124 1610 3208 conditorem
1649 3161 1776 3226 magno

1021 3243 1148 3306 honore
1166 3243 1205 3307 ab
1219 3244 1385 3307 Hadriano
1405 3246 1505 3309 luisse
1527 3245 1691 3320 habitum,
1714 3244 1769 3308 vel
1840 3287 1842 3290 >

1022 3345 1098 3408 inde
1122 3359 1225 3428 patet,
1248 3345 1336 3430 quod
1358 3347 1463 3424 diem,
1493 3367 1558 3430 quc
1581 3348 1609 3408 is
1630 3350 1775 3410 Romam

1024 3447 1186 3524 condidit,
1222 3449 1440 3532 amplioribus,
1477 3447 1683 3511 caerimoniis
1723 3471 1776 3512 sa‘

1024 3569 1115 3612 crum
1138 3569 1226 3611 esso·
1243 3549 1373 3627 noluit,
1410 3563 1445 3612 ut
1467 3549 1696 3633 conspeximus
1717 3574 1771 3614 su·

1023 3672 1081 3735 pra
1097 3650 1138 3714 ad
1152 3673 1283 3714 numum
1299 3651 1438 3736 primum
1452 3651 1548 3735 hujus
1562 3653 1672 3717 seriei.
1693 3654 1771 3715 Fin-

1025 3755 1112 3838 gitur
1141 3754 1174 3816 in
1203 3774 1304 3817 numo
1332 3762 1504 3837 praesente
1530 3754 1690 3818 Romulus
1714 3775 1773 3839 ge·r

1025 3871 1112 3920 stans
1134 3855 1237 3939 spolia
1260 3857 1384 3941 opima,
1406 3876 1511 3940 eaque
1532 3856 1700 3919 oblaturus
1714 3858 1771 3920 Jo-

1026 3958 1066 4023 vt
1079 3960 1258 4032 Feretrios
1287 3979 1369 4044 quae
1392 3958 1515 4020 Acrcui
1536 3958 1776 4022 ceninensium

1024 4062 1098 4143 regi
1125 4061 1158 4121 in
1186 4062 1255 4125 acie
1283 4081 1380 4125 caeso
1406 4059 1563 4139 detraxit,
1605 4072 1640 4124 ut
1669 4062 1778 4144 vulgo

1024 4176 1147 4226 nolum.

220 4264 325 4346 tenuit
348 4264 524 4349 Antinous)
559 4285 600 4326 uc
636 4280 812 4347 nuptarum
840 4268 968 4330 adulte-
1028 4317 1032 4325 .

257 4599 287 4668 a)
309 4596 436 4671 Specim.
451 4617 520 4679 pag.
532 4611 593 4660 101.

220 4697 362 4762 mem&

737 4598 773 4670 b)
796 4598 832 4656 de
849 4598 959 4658 lucent.
978 4600 1010 4655 L.
1026 4597 1063 4656 11.
1086 4618 1110 4655 c.
1126 4606 1169 4659 ii.

1315 4600 1345 4668 c)
1367 4597 1534 4655 Commeat.
1549 4596 1618 4672 hist.
1644 4599 1730 4659 mm.
1748 4601 1782 4692 l..
1827 4600 1832 4608 '

1426 4778 1567 4844 Sese
