4012 5370
863 390 1191 575 avnvsuvs

577 761 616 825 L.
653 759 956 830 ANTONIVS
996 764 1209 831 IIIVIRI.
1238 768 1479 837 FRATER.
1551 716 1555 719 ·

194 946 198 986 ῑ
307 892 392 1015 Eius
415 898 568 995 denarios
589 927 665 997 ride
687 929 722 994 in
742 928 845 997 frome
866 909 984 1000 Illviro
1005 931 1047 1000 ad
1067 956 1188 1000 annum
1207 935 1392 1021 V.C.713·

859 1210 1185 1299 Ararsrra
1277 1250 1301 1283 .-

307 1377 449 1445 Octaria
477 1397 576 1465 gens,
613 1398 656 1442 ex
688 1381 757 1464 qua·
778 1378 806 1443 is
837 1380 994 1446 oriundus
1051 1383 1157 1448 laetus
1191 1405 1272 1469 paca
1300 1384 1343 1451 'et
1369 1383 1467 1449 vbello
1499 1385 1692 1468 conspicuus
1723 1386 1795 1452 luit.

201 1468 202 1472 ¹
241 1482 317 1559 init,
351 1481 494 1550 Velitris
520 1483 718 1550 Volscorum
746 1481 874 1562 floruit,
913 1485 993 1547 olim
1049 1487 1153 1549 Duxit
1183 1486 1211 1549 is
1240 1486 1382 1571 primum
1408 1480 1623 1564 Anchariam,
1661 1509 1702 1551 ex
1734 1509 1817 1571 qno¹

196 1648 197 1651 ,
240 1584 397 1668 patricis,
425 1582 486 1647 sed
508 1582 550 1644 ad
573 1583 704 1667 plebem
727 1587 835 1647 serius
858 1605 894 1648 se
911 1606 994 1651 con·
1032 1586 1113 1649 sibi
1134 1599 1207 1650 nata
1234 1588 1370 1655 Octavia
1395 1587 1518 1671 major,
1544 1588 1664 1652 deinde
1686 1589 1796 1652 Atiam

194 1685 198 1728 ἶ
238 1686 335 1764 tulit,
358 1686 511 1772 restituta
530 1687 564 1745 in
582 1685 748 1768 patriciam
768 1690 827 1752 al.
840 1688 990 1754 Caesare.
1049 1686 1150 1751 liliam
1172 1693 1218 1752 Μ.
1246 1689 1315 1751 Atii
1340 1689 1435 1753 Balbi
1460 1689 1558 1753 domo
1583 1691 1727 1769 Aricini,
1760 1704 1796 1756 et

192 1772 195 1829 Ῑ
236 1788 287 1851 Ea
310 1789 429 1870 stirps,
455 1806 538 1870 quae
557 1786 729 1851 Octavium
749 1803 897 1852 nostrum
918 1810 994 1872 pro-
1049 1791 1150 1854 Iuliae
1168 1794 1191 1852 1.
1210 1790 1357 1855 Caesaris
1378 1791 1521 1869 sororis,
1549 1812 1591 1855 ox
1610 1813 1673 1878 qua
1697 1805 1792 1856 natus

179 1902 186 1973 l
235 1889 331 1967 tulit,
355 1888 504 1974 equestri
522 1887 678 1971 dignitate
696 1902 848 1954 contenta
863 1891 925 1975 suit
941 1915 992 1956 us·
1050 1893 1086 1959 C.
1096 1892 1257 1957 'Octavius
1280 1892 1416 1977 Coepias
1435 1905 1551 1956 noster
1568 1894 1615 1976 ¹),
1641 1907 1675 1957 et
1694 1893 1793 1957 Octa·

232 2009 300 2075 que
331 1989 375 2052 sd
401 1991 439 2051 C.
462 1990 634 2055 Octavium
664 1991 734 2074 ejus
761 2006 905 2076 patrem,
935 1994 992 2079 qui
1047 1995 1098 2058 via
1120 1994 1229 2056 minor
1247 1989 1298 2076 b),
1324 2009 1360 2058 ut
1385 1993 1469 2060 adeo
1492 1994 1568 2081 ejus
1583 1994 1694 2079 stirpis
1715 2015 1791 2078 per·

230 2092 386 2174 egregiis
418 2092 553 2174 opibus,
591 2106 625 2155 et
653 2092 764 2184 indole
794 2094 918 2178 primus
949 2095 990 2157 ad
1045 2094 1148 2162 breve
1167 2095 1300 2161 schema
1322 2096 1378 2161 sita

227 2213 344 2277 remp.
374 2193 530 2270 accessit,
563 2207 597 2257 et
623 2193 710 2260 iuter
737 2209 906 2260 senatores
936 2195 977 2259 ad

292 2331 344 2395 ll.
364 2330 461 2394 Atius
482 2332 623 2409 Balbus,
645 2353 734 2397 uxor
753 2334 834 2397 Iulia
855 2334 881 2400 1.
899 2333 1045 2398 Caesaris
1067 2325 1175 2402 soror.

555 2500 652 2584 udaia,
675 2521 764 2564 uror
782 2502 832 2569 ΙΙ.
855 2500 894 2569 C.
913 2499 1054 2568 Octavii.

585 2666 623 2732 C.
644 2665 815 2748 Octavius,
839 2665 976 2731 subinde
998 2668 1177 2752 Augustus.

224 2803 309 2866 Fuit
333 2801 436 2886 igitur
456 2806 482 2868 l.
502 2802 622 2867 Caesar
643 2806 782 2889 Augusti
805 2806 982 2873 avunculus
1040 2803 1185 2882 firmant,
1218 2821 1301 2890 qnae
1324 2803 1401 2870 vide
1425 2798 1606 2868 collectas
1628 2803 1785 2887 Schlege·

226 2906 347 2986 maior.
369 2907 463 2967 Haec
482 2925 524 2967 ex
541 2905 698 2969 Suetonio
714 2908 756 2989 ⁰).
1005 2958 1006 2961 ,
1039 2906 1087 2970 lio
1102 2910 1143 2988 e).
1364 2980 1366 2989 Ι
1511 2974 1514 2980 ,

295 3005 464 3099 Quoniam
485 3006 526 3069 ad
545 3007 792 3092 intelligendam
812 3009 907 3092 hujus
927 3029 981 3072 ae·
1102 3007 1145 3078 V.
1162 3007 1198 3071 C.
1213 3007 1276 3087 706
1294 3007 1335 3070 Α.
1348 3003 1389 3071 X.
1404 3005 1457 3081 48.
1485 3004 1521 3072 C.
1532 3004 1622 3067 Iulio
1641 3005 1785 3067 Caesare

226 3109 262 3171 vi
284 3107 460 3171 historiam
487 3110 657 3192 permagni
681 3110 837 3187 interest,
866 3111 981 3172 Caesa·
1037 3109 1298 3175 lanternario
1317 3107 1586 3171 Vatialsaurico
1604 3127 1669 3169 eos.
1687 3105 1786 3168 sumit

228 3230 311 3274 reae
335 3211 446 3294 stirpis
473 3210 705 3293 cognationes,
734 3211 980 3295 adfinitatesque
1039 3222 1147 3292 togam
1170 3209 1300 3273 virilem
1321 3208 1368 3292 s),
1390 3206 1574 3293 etquidem
1595 3206 1649 3270 die
1667 3207 1784 3275 XVlll.

229 3330 352 3387 nosse,
387 3312 531 3395 adjicere
557 3311 707 3376 adhunc
735 3314 843 3376 locam
867 3314 982 3376 Caesa·
1039 3311 1194 3377 Octobris
1208 3316 1252 3395 a).

227 3434 308 3473 raus
336 3426 473 3476 stemma
502 3414 639 3495 placuit,
676 3412 734 3476 sed
765 3414 980 3492 contractius,
1100 3415 1142 3481 V.
1158 3414 1198 3476 Ca
1211 3432 1274 3497 7oo
1293 3414 1332 3476 A.
1345 3413 1387 3478 X.
1403 3409 1455 3488 45.
1481 3412 1515 3475 G.
1532 3411 1620 3473 Iulio
1643 3411 1785 3473 Caesare

230 3514 323 3597 quod
341 3514 486 3576 omnium
501 3515 634 3577 illorum
649 3511 979 3594 nomina'contineat,
1037 3515 1100 3580 IV.
1116 3538 1182 3581 eas.
1199 3520 1271 3580 sine
1286 3517 1425 3597 collega.
1447 3515 1472 3578 1.
1487 3513 1660 3575 Caesarem
1670 3512 1711 3592 lin
1725 3512 1785 3572 Hi·

231 3635 376 3700 quorum
395 3623 522 3680 exstant
541 3617 641 3682 numi.
663 3617 853 3681 Porrectius
872 3616 978 3695 alind,
1036 3616 1180 3701 spaniam
1193 3618 1363 3681 comitatus
1378 3615 1472 3681 victis
1484 3612 1649 3697 Pompejis
1663 3625 1697 3673 et
1711 3611 1782 3672 fini·

230 3717 388 3780 nimirum
413 3718 569 3782 historiae
594 3739 689 3786 caasa
712 3731 900 3783 contextum
923 3719 979 3783 de·
1036 3720 1077 3782 tis
1101 3719 1198 3782 bellis
1222 3718 1372 3789 civilibus
1398 3715 1548 3779 omnibus
1571 3712 1781 3797 Apolloniam

232 3818 281 3882 dit
297 3819 434 3883 Gabriel
452 3822 642 3902 Brotierns,
667 3835 702 3886 et
723 3821 850 3887 erudite
875 3822 979 3907 expli·
1035 3821 1158 3904 lllyrici
1178 3821 1359 3884 studiorum
1375 3834 1475 3882 causa
1495 3816 1572 3881 abit.

231 3923 317 3988 sarit
335 3923 370 3983 in
391 3924 504 3987 Tacito
524 3943 583 3985 sno
600 3922 644 4004 d).
1098 3924 1140 3990 V.
1155 3924 1191 3985 C.
1208 3943 1271 4003 710
1286 3923 1327 3987 A.
1343 3920 1384 3986 X.
1401 3929 1453 3996 44.
1480 3920 1514 3982 C.
1531 3918 1620 3982 Iulio
1639 3918 1781 3980 Caesare

293 4025 397 4088 Natus
431 4038 482 4087 est
506 4025 643 4093 Velitris
675 4027 729 4087 IX.
756 4026 827 4092 Ral.
855 4023 974 4090 Octob.
1036 4025 1078 4093 V.
1095 4024 1148 4088 M.
1167 4025 1322 4086 Antonio
1339 4043 1406 4087 aas.
1428 4024 1463 4082 ln
1479 4021 1566 4084 hunc
1584 4039 1701 4083 aunum
1719 4041 1736 4080 a
1754 4019 1779 4081 1.

181 4138 184 4204 i,
230 4125 270 4190 V.
287 4125 324 4191 C.
345 4122 406 4205 601
425 4124 466 4189 A.
481 4127 522 4186 tc
537 4127 589 4191 63.
617 4130 838 4205 ciceronem
856 4129 977 4193 c.An-
1033 4125 1172 4188 Caesare
1206 4124 1365 4188 dictatore
1400 4120 1587 4205 designatus
1619 4119 1776 4202 magister

181 4207 188 4275 *1
226 4232 323 4293 terr‘o
345 4248 415 4290 aas.
445 4227 551 4291 Multa
577 4227 664 4290 istud
686 4229 871 4293 testimonia
900 4248 976 4291 con·
1032 4227 1195 4313 equitum,
1225 4223 1313 4309 quod
1340 4245 1456 4288 munus
1485 4222 1604 4298 iniret,
1634 4237 1708 4282 cam
1730 4219 1776 4281 Μ.

189 4461 190 4464 ¹
223 4439 1776 4473 ΝΜ

258 4616 291 4684 a)
312 4611 372 4668 Dio
391 4609 425 4666 L.
438 4607 527 4670 nv.
545 4610 569 4683 i.
581 4625 605 4671 t.
714 4612 750 4687 b)
770 4609 850 4671 Suet.
871 4611 902 4670 in
924 4612 999 4671 lulio
1024 4623 1095 4677 ct?
1113 4620 1143 4670 et
1162 4609 1237 4685 Aug.
1257 4616 1318 4673 nc.
1429 4603 1606 4681 c)iuAug.
1631 4608 1773 4666 001-11·
1848 4608 1852 4625 '

181 4704 254 4773 =d)
274 4700 469 4776 T.1.p.toa.
578 4701 609 4773 e)
629 4701 669 4757 ad
682 4702 1041 4781 llorelliilmpp.p.115.
1150 4700 1359 4771 fisneta&
1468 4696 1503 4771 g)
1523 4691 1648 4753 Kalend.
1664 4693 1774 4797 Antist.
