4012 5370
706 475 713 483 ⁸
846 431 1159 507 cntvntve

218 615 296 677 duur
317 612 451 696 expleto
467 610 554 675 XIV.
570 605 683 670 aetatis
700 621 801 676 anuo,
823 601 971 684 designa·

218 730 273 779 tur
290 714 426 790 consul,
449 731 546 795 quem
566 709 786 790 magistratum
798 703 897 765 iniret
917 723 971 765 au·
1046 780 1058 801 .

219 836 297 877 uum
317 815 486 897 ingressus
501 810 587 884 xx„
604 807 778 890 imperium
794 823 970 883 proconsu-

219 917 289 979 lare
307 929 400 977 extra
419 912 534 975 urbem
546 909 750 983 decernitur,
767 919 801 995 et
816 905 969 986 princepe

220 1017 399 1098 juventutis
418 1015 536 1075 dicitur
552 1014 590 1092 ⁸).

365 1119 420 1178 TI.
440 1114 601 1178 CLAVD.
643 1106 823 1171 CAESAR.
864 1103 968 1170 AVG.

366 1220 402 1283 P.
439 1220 484 1277 M.
519 1217 586 1273 ΤΒ.
614 1214 651 1272 P.
676 1213 731 1274 xl.
755 1209 842 1269 ttuP.
867 1207 904 1270 P.
930 1205 968 1265 P.

366 1318 460 1380 COS.
475 1319 514 1380 V.
543 1317 653 1395 Caput
669 1316 869 1375 laureatum.

222 1423 332 1486 Paci.
349 1418 600 1484 AVGVSTAE.
618 1417 684 1476 vel:
708 1413 741 1473 S.
759 1410 796 1474 P.
814 1406 856 1499 Q.
871 1408 911 1468 R.
928 1406 966 1469 P.

222 1526 259 1586 P.
284 1523 357 1585 OB.
397 1521 434 1583 C.
465 1521 500 1581 S.
538 1521 626 1599 typis
648 1515 759 1576 solitis
800 1509 873 1574 AV.
896 1507 968 1571 AR.

223 1627 321 1705 (Mus
340 1623 451 1699 Caes.)

284 1725 338 1787 ab
359 1722 423 1783 hoc
440 1719 537 1782 etiam
556 1736 639 1780 anno
658 1709 859 1796 praecedunt
877 1706 969 1769 numi

225 1821 542 1897 NerouisCaesaria,
565 1836 645 1902 quoe
667 1812 741 1881 ride
760 1811 794 1873 iu
816 1810 886 1894 ejus
903 1828 976 1872 mo·

222 1941 309 1992 ueta.

219 2180 225 2185 ‚
421 2107 463 2171 V.
479 2103 514 2167 C.
531 2102 593 2165 805
617 2098 771 2162 P.X.52.

229 2228 296 2292 Tu.
318 2226 359 2290 Ρ.
377 2223 443 2291 XI.
466 2222 550 2287 XII.
576 2219 672 2281 COS.
691 2221 732 2280 V.
748 2216 787 2280 P.
811 2217 859 2276 M.
880 2215 916 2274 P.
931 2213 969 2276 P.

436 2341 535 2406 IMP.
607 2335 761 2401 XXVII.

224 2466 262 2530 P.
276 2465 376 2528 Com.
395 2463 490 2527 Sulla
502 2463 644 2530 Fausto,
661 2455 699 2518 L.
712 2454 826 2516 Salvio
843 2453 972 2515 Othone

492 2560 624 2622 litiano
641 2578 707 2619 cos.

292 2731 415 2803 Clitae,
438 2725 574 2807 agrestis
592 2720 725 2784 Ciliciae
743 2719 846 2793 natio,
866 2714 973 2791 rebel-

230 2840 278 2899 les
296 2829 484 2915 perdomiti.
527 2822 678 2887 Celebris
704 2820 738 2880 in
762 2822 834 2882 lacu
849 2816 973 2877 Fucino

228 2932 420 3000 naumachia
442 2928 484 3010 b).
516 2922 745 3010 Aquaeductus
771 2920 852 2980 duos
872 2937 972 2999 aquae

230 3036 402 3108 Claudiae,
440 3043 474 3092 et
509 3048 611 3090 norae
643 3021 779 3085 Anienis
802 3017 973 3100 magnifice

238 3145 462 3207 consummat,
486 3129 677 3211 dedicatque
694 3128 735 3206 c).

300 3235 394 3302 Certi
412 3233 507 3313 hujus
525 3227 698 3315 auninpmi
714 3224 952 3288 desiderantur.

426 3404 465 3464 V.
484 3399 518 3459 C.
537 3398 598 3460 eoo
619 3395 657 3459 P.
674 3395 719 3458 X.
737 3392 792 3456 53.

238 3529 304 3593 Tu.
319 3525 358 3589 P.
376 3522 462 3587 XII.
477 3517 580 3582 XIII.
595 3512 692 3576 COS.
711 3517 752 3575 V.
772 3509 872 3574 EM.
890 3506 927 3569 P.
937 3505 974 3567 P.

467 3634 569 3700 IMP.
582 3631 736 3695 XXVII.

1048 633 1052 644 ·
1090 602 1197 685 lguoti
1214 604 1303 663 numi
1317 602 1411 682 buius
1429 601 1512 663 anui.

1222 771 1262 829 V.
1285 768 1319 829 C.
1335 768 1398 845 807
1417 767 1516 830 P.X.
1535 765 1589 842 54.
1621 782 1623 786 ’
1725 757 1738 768 ”

1034 883 1101 948 ra.
1111 883 1149 949 P.
1162 885 1264 950 xm.
1277 885 1376 949 XIV.
1392 886 1489 948 coa.
1506 861 1672 964 tangre.
1686 888 1725 953 r.
1735 886 1773 972 r.

1260 1004 1362 1068 IMP.
1382 1004 1536 1068 XXVII.
1713 1065 1717 1072 .

1031 1122 1080 1186 M.
1094 1123 1215 1184 Asinio
1233 1123 1413 1197 Marcello,
1438 1123 1490 1186 M.
1503 1124 1621 1189 Acilio
1644 1112 1772 1188 Auiola

1364 1243 1432 1285 005.
1762 1246 1765 1252 ·

1088 1339 1258 1402 Claudium
1301 1360 1341 1402 ex
1372 1340 1489 1402 morbo
1520 1340 1772 1406 decumbentem

1026 1441 1205 1522 Agrippina
1231 1441 1390 1502 medicato
1410 1462 1471 1523 per
1487 1445 1661 1506 Locustam
1675 1466 1775 1508 reue-

1025 1539 1118 1601 licam
1135 1539 1247 1602 boleto
1263 1540 1395 1604 conficit
1407 1545 1459 1604 lll.
1474 1536 1556 1605 idus.
1573 1543 1691 1630 octob.
1709 1550 1750 1626 ⁰).

962 1666 965 1677 ·
1088 1641 1161 1713 ¹Hoc
1193 1642 1259 1703 lato
1288 1642 1368 1703 obiit
1396 1642 1567 1719 Claudius,
1611 1666 1702 1721 casu,
1747 1646 1774 1706 si

1029 1740 1102 1824 quis
1134 1742 1236 1818 alius,
1277 1742 1414 1805 fortuito
1446 1744 1593 1808 admotus
1623 1747 1774 1829 imperio,

1029 1840 1117 1926 quod
1133 1861 1244 1926 neque
1268 1857 1475 1926 speraverat,
1497 1866 1605 1929 neque
1622 1848 1775 1931 coucupi-

1028 1956 1131 2008 verat.
1175 1944 1370 2026 Susceptum
1391 1946 1607 2028 principatum
1624 1968 1691 2021 nou
1709 1961 1773 2011 tam

1030 2064 1106 2116 suo,
1137 2065 1232 2127 quam
1259 2066 1416 2121 urorum,
1446 2059 1480 2108 et
1507 2047 1700 2110 libertorum
1726 2069 1777 2109 ar·

1028 2145 1126 2207 bitrio
1160 2145 1412 2220 administrarit,
1457 2147 1531 2208 talis
1564 2148 1776 2232 pleramque,

1029 2246 1158 2330 qualem
1196 2266 1269 2309 esse
1302 2267 1377 2308 eum
1410 2260 1463 2308 aut
1494 2249 1667 2330 expediret
1695 2251 1776 2322 illis',

1029 2363 1081 2411 aut
1100 2346 1222 2410 liberet
1251 2346 1289 2427 ί).
1331 2346 1440 2438 Quare
1457 2348 1566 2433 lepide
1586 2350 1712 2413 Seneca
1729 2363 1777 2412 to·

1028 2462 1062 2511 to
1084 2468 1160 2510 eum
1182 2470 1269 2512 anno
1302 2448 1383 2509 dixit
1424 2448 1610 2513 celebrasse
1645 2453 1777 2513 Saturni

1028 2568 1195 2625 mensem,
1215 2550 1367 2612 nimirum
1386 2571 1450 2631 quo
1468 2551 1557 2613 beris
1574 2552 1663 2616 servi
1677 2554 1779 2635 impe·

1031 2649 1170 2712 ritabant
1190 2652 1232 2730 t).
1260 2650 1440 2731 Insigniora
1463 2649 1658 2713 libertorum
1674 2653 1777 2715 nomi·
1875 2664 1880 2677 ‘
1975 2656 1979 2664 ’

1030 2770 1071 2811 na
1099 2750 1267 2812 Narcissus
1299 2750 1338 2812 ab
1371 2750 1535 2831 epistolis,
1566 2751 1674 2814 Pallas
1705 2752 1775 2815 iisci

1031 2830 1235 2932 praelectus,
1261 2851 1412 2913 Callistus
1441 2851 1623 2931 supplicum
1649 2852 1781 2915 libellob

1031 2972 1105 3012 rum
1127 2938 1296 3032 magister,
1325 2949 1422 3013 Felix
1443 2950 1560 3032 spado,
1591 2966 1704 3034 postea
1726 2956 1776 3014 Iu‘-

1033 3051 1133 3114 daeae
1158 3064 1367 3134 procurator,
1392 3053 1540 3115 Mnester
1561 3054 1777 3135 pantomimus

1033 3154 1227 3215 Messalinae
1255 3152 1451 3234 percharus,
1481 3156 1656 3237 Polybius,
1684 3151 1777 3218 Posi-¹

1033 3252 1108 3326 des,
1148 3255 1334 3335 Harpocras
1360 3252 1411 3332 ¹¹),
1451 3268 1547 3339 atque
1576 3258 1612 3318 hi
1638 3255 1678 3319 ad
1703 3277 1777 3340 per·

1032 3353 1246 3429 movendam,
1301 3375 1365 3438 quo
1408 3354 1551 3431 vellent,
1594 3358 1777 3440 principem

1031 3475 1098 3518 nou
1115 3469 1177 3518 tam
1199 3455 1269 3536 ejus
1293 3471 1444 3538 stupore,
1468 3475 1563 3535 quam
1580 3457 1689 3520 nativo
1710 3478 1776 3519 ure·

1031 3571 1084 3632 tu,
1121 3577 1184 3641 quo
1214 3556 1377 3619 levissima
1402 3541 1534 3638 quaeris
1560 3569 1710 3645 portenta
1733 3558 1777 3619 la-

1035 3657 1099 3720 cile
1130 3657 1318 3735 admiserat,
1356 3653 1447 3718 abusi
1474 3668 1558 3719 sunt.
1611 3658 1657 3718 lta
1686 3671 1776 3720 metu

237 3771 280 3831 D,
297 3765 397 3826 Iunio
424 3757 559 3823 Silano.
589 3753 630 3834 Q
642 3751 781 3812 Ηᾶίθῒὶθ
802 3746 978 3808 Antonino
1034 3758 1184 3820 inductus
1216 3757 1292 3849 suit,
1332 3771 1367 3818 ut
1399 3757 1484 3838 ipsas
1517 3756 1611 3818 dotis¹
1630 3757 1776 3831 tabellas,

575 3874 643 3916 005.

297 3986 387 4045 Nero
408 3979 528 4039 Caesar
547 3989 648 4033 annos
667 3979 759 4029 uatus
774 3964 862 4032 XVI.
881 3962 978 4026 Octa.

232 4087 319 4152 riam
336 4079 426 4144 ducit
441 4075 486 4158 d).

1034 3858 1149 3940 quibus
1176 3859 1306 3938 nuptiae
1340 3858 1534 3921 Messalinae
1563 3859 1673 3919 uxoris
1696 3879 1776 3920 'cum

1034 3958 1116 4018 Silio
1137 3957 1402 4034 instruebantur,
1432 3960 1639 4039 consignaret
1669 3957 1709 4039 i),
1743 3971 1778 4018 et

1033 4058 1141 4120 oblato
1162 4057 1226 4120 alio
1244 4072 1332 4122 metu
1350 4061 1573 4144 impetratum,
1605 4071 1639 4120 ut
1653 4070 1782 4120 utrum·

235 4251 1774 4300 w

268 4411 301 4478 s)
319 4405 391 4461 Tac.
405 4399 484 4453 Anu.
500 4392 618 4451 xltta

231 4495 353 4572 Pighius
369 4489 409 4544 ad
425 4486 505 4542 bunc
520 4495 637 4536 anuum.

744 4383 780 4453 b)
799 4382 868 4437 Tac,
886 4383 961 4434 Anu,
975 4377 1091 4439 Xll.55.
1104 4378 1147 4439 56.
1265 4373 1296 4445 d)
1315 4373 1448 4429 Frontin·
1465 4372 1501 4429 de
1519 4344 1775 4450 Aquaed..art.13.

739 4473 773 4543 d)
791 4472 863 4526 Tae.
878 4473 954 4524 Ann.
969 4466 1086 4528 x11.5a.
1184 4466 1215 4535 e)
1234 4464 1304 4519 Tac.
1320 4467 1396 4518 Anu.
1411 4460 1533 4525 xtt.'6o.
1552 4463 1672 4521 Suetou.
1689 4464 1779 4521 Sene-

232 4574 491 4658 aaiubpocoloc.
566 4565 791 4636 Muctutfi.
874 4560 906 4633 g)
927 4552 1095 4631 inApocol.
1175 4550 1211 4625 b)
1232 4551 1586 4620 Sueton.Dio,Seneea.
1661 4555 1685 4624 i)
1706 4554 1777 4611 Sue·

234 4688 295 4731 aaa
310 4682 389 4742 aaa.

1451 4730 1568 4790 lllts
