4012 5370
236 475 310 547 Ἧι,
923 454 1093 529 NERO.

235 633 273 694 P.
372 631 458 692 IIIP.
472 627 605 690 NERO.
622 624 781 693 CLAVD.
797 624 979 690 CAESAR.
1038 638 1135 688 testas
1151 624 1257 701 XIII,
1280 623 1360 686 etin
1378 640 1491 689 averse
1505 620 1595 688 itlem
1612 624 1683 687 Iani
1701 636 1784 707 totu·¹

368 734 470 799 AVG.
494 730 630 791 GERM.
654 730 691 793 Ρ.
715 730 761 793 Μ.
787 729 856 792 ΤΗ.
875 728 977 791 ΡΟΤ.
1037 729 1125 811 plum
1143 749 1218 791 cum
1238 725 1353 789 eadem
1369 726 1570 811 epigraphes
1597 727 1729 792 PACE.
1743 727 1781 788 P.

367 834 403 897 P.
423 834 461 898 P.
489 834 598 912 Caput
617 832 797 893 radiatum.
1035 831 1075 889 Il.
1108 843 1172 895 etc.
1228 829 1310 891 Cum
1345 828 1488 891 Neronis
1526 827 1605 893 trib.
1635 840 1780 913 potestat

231 937 354 997 Eadem
370 953 486 995 arersa
502 934 617 995 addito
632 932 663 994 S.
679 930 716 996 C.
740 931 810 995 ΑΕ.
821 932 859 990 11.
876 931 976 1012 (Mus.
1034 930 1119 994 XIII.
1146 930 1325 1013 incidatlin
1353 950 1471 992 annum
1492 931 1535 998 V.
1552 930 1589 995 C.
1611 932 1693 1014 list),
1728 931 1782 995 laic

232 1037 345 1117 ἐπε.)
671 1064 675 1070 -
1031 1052 1148 1093 numus
1175 1030 1384 1094 confirmaret
1410 1030 1543 1116 quidem
1570 1031 1676 1097 verbs
1698 1032 1779 1097 Suc*

1034 1132 1131 1209 tonii‚
1163 1134 1219 1216 qui
1247 1132 1411 1196 nonnullis
1443 1132 1599 1198 adserere
1632 1134 1776 1212 videtur,

293 1239 338 1304 Vt
362 1237 451 1302 obvii
474 1249 548 1301 sunt
574 1235 609 1296 hi
634 1232 774 1297 Neronis
798 1233 906 1310 numi,
933 1233 977 1295 ita
1034 1234 1101 1297 Iani
1130 1234 1289 1317 templum
1319 1247 1394 1317 post
1420 1232 1576 1297 Tiridatis
1605 1234 1779 1325 adventum

231 1339 411 1412 incertum,
442 1336 483 1397 atI
511 1354 608 1419 quem
635 1357 752 1398 annum
775 1355 907 1400 aversae
929 1334 977 1394 in·
1033 1336 1133 1399 fuisse
1161 1336 1326 1412 clausum,
1353 1354 1468 1399 veram
1492 1333 1645 1399 dubitare
1668 1336 1778 1413 liceat,

228 1439 363 1522 scriptIo
409 1436 550 1501 adludat.
615 1430 865 1512 nitriensibus,
908 1434 977 1498 alii·
1033 1439 1118 1502 sitne
1134 1437 1226 1500 numi
1243 1435 1422 1519 epigraphe
1442 1436 1506 1499 rite
1523 1450 1682 1521 exceptu
1705 1457 1778 1502 num

230 1561 294 1625 que
322 1561 379 1603 eos
406 1540 445 1602 ad
469 1560 586 1602 annum
609 1541 653 1619 Υ.
668 1541 704 1604 C.
725 1540 783 1601 {lu
810 1536 975 1614 referunt,
1032 1535 1368 1625 praeterquamquod
1388 1556 1544 1620 nusquam
1567 1536 1647 1601 alibi
1670 1538 1778 1623 singn-

229 1642 354 1704 inducti
384 1642 459 1704 loco
485 1640 633 1705 Suetonii
656 1641 704 1719 ⁸),
740 1640 795 1725 qui
823 1660 896 1703 cum
921 1639 977 1699 Ti·
1033 1640 1137 1704 larem
1172 1639 1260 1702 hunc
1294 1658 1429 1713 numum
1457 1637 1626 1703 laudatum
1652 1638 1777 1725 reperi,

227 1743 342 1806 ridetis
370 1743 482 1806 Parthi
504 1744 538 1805 in
562 1743 678 1807 urbem
700 1740 891 1819 adventum,
919 1741 975 1804 hs·
1032 1740 1115 1804 illud
1146 1740 1243 1804 etism
1273 1738 1405 1802 dubium
1432 1760 1637 1837 mpgnopcre
1665 1754 1775 1827 suget,

227 1842 378 1928 hitosque
393 1858 573 1929 propterea
586 1842 711 1907 Neroni
725 1843 868 1907 honores
883 1863 976 1907 enar·
1032 1843 1121 1929 qnod
1146 1842 1181 1905 in
1209 1841 1301 1904 nullo
1329 1842 1486 1907 hactenus
1513 1862 1617 1906 numo
1638 1840 1776 1905 Neronis

226 1960 345 2021 nasset,
371 1947 525 2009 continno
555 1946 700 2029 subjicit:
730 1946 850 2007 Iasium
872 1948 975 2027 gemi·
1032 1965 1135 2008 aeneo
1161 1948 1186 2009 I.
1216 1944 1341 2006 formae
1368 1942 1511 2009 additum
1541 1944 1619 2008 trib,
1639 1956 1775 2027 potesta·

226 2070 304 2108 num
329 2050 454 2109 clausit
479 2062 547 2108 tam
575 2047 689 2123 nullo,
717 2067 815 2124 quam
841 2049 973 2108 residuo
1031 2045 1072 2109 tis
1093 2066 1266 2108 numerum
1289 2044 1401 2108 videre
1423 2032 1526 2109 licuit.
1570 2044 1688 2121 Addo.
1718 2044 1774 2107 mi·

225 2150 330 2223 bello,
362 2147 522 2210 sententia
544 2136 620 2209 satis
643 2146 799 2225 obscum
833 2168 908 2210 nam
931 2167 972 2211 eo
1029 2170 1102 2212 rum
1127 2167 1257 2233 quoque
1279 2146 1360 2208 mihi
1376 2146 1483 2211 videri
1498 2150 1696 2211 aeneumll.
1712 2147 1772 2211 tor·

228 2248 397 2331 collegere
420 2246 645 2323 casaubonus,
673 2248 811 2333 aliique,
843 2248 972 2331 saepius
1006 2272 1101 2315 mae
1122 2238 1391 2324 a'Vnillsntioin¹
1410 2248 1526 2312 Namis
1548 2260 1675 2333 praest.
1694 2250 1770 2313 'tta

225 2372 245 2411 a
271 2350 403 2410 Nerone
430 2349 497 2410 Iani
523 2348 678 2431 templum
702 2347 840 2415 clusum.
873 2348 973 2443 Quod
1028 2375 1060 2436 p.
1077 2370 1116 2413 aa
1145 2349 1356 2435 productum,
1387 2349 1421 2412 in
1452 2370 1518 2434 quo
1545 2338 1771 2434 praetenditur

226 2449 254 2511 si
274 2469 404 2525 rerum,
430 2462 466 2511 nt
487 2451 519 2510 in
535 2452 668 2511 Nerone
688 2468 783 2511 omne
801 2448 883 2510 illud
902 2470 971 2513 cre·
1030 2453 1227 2538 epigraphe:
1265 2450 1391 2516 PACE.
1418 2452 1456 2512 P.
1482 2452 1524 2517 li.
1554 2463 1620 2515 etc.
1653 2464 1688 2515 et
1714 2468 1770 2535 pro

223 2548 345 2624 dibile,
373 2549 530 2634 quidquid
554 2551 721 2625 insanum,
744 2551 892 2633 pluribus
918 2573 971 2612 an·
1027 2570 1105 2640 typo
1127 2574 1193 2616 non
1214 2553 1282 2616 Iani
1304 2552 1461 2637 templum
1487 2551 1699 2637 inscriptioni
1723 2570 1769 2615 re·

225 2652 275 2711 nis
303 2649 401 2735 adfigi
427 2665 563 2736 possunt
592 2651 626 2711 hi
653 2652 760 2727 numi.
800 2652 910 2743 Quare
938 2665 972 2713 et
1027 2654 1210 2738 spondens,
1240 2655 1300 2719 sed
1320 2657 1425 2718 Roma
1450 2652 1583 2719 sedens.
1620 2654 1769 2718 Ceterum

222 2752 441 2815 'Pillemontio
468 2752 590 2829 visum,
625 2774 692 2816 non
718 2774 791 2816 csso
815 2754 892 2816 sotis
917 2774 973 2815 ex·
1027 2756 1080 2819 his
1115 2756 1263 2819 Neronis'
1291 2756 1397 2818 numia
1433 2770 1547 2839 aperte
1584 2754 1770 2821 advertatur

226 2854 389 2937 ploratum
409 2876 544 2934 nanum,
560 2854 601 2918 asl
621 2874 717 2940 quem
735 2855 771 2917 hi
787 2857 877 2918 numi
897 2876 972 2938 per·
1030 2856 1168 2921 Orosius
1183 2856 1348 2921 adducens
1361 2856 1585 2921 testimonium
1600 2856 1704 2943 ipsius
1715 2840 1771 2921 Tu·
1803 2902 1806 2907 -

225 2956 349 3019 tineant
370 2956 414 3037 b).
452 2958 606 3020 Ceterum
629 2957 752 3019 fallitur
775 2958 883 3034 Ocno,
907 2959 972 3019 Ha·
1029 2959 1087 3023 citi
1103 2957 1213 3023 verbis
1230 2973 1424 3045 conceptam
1438 2958 1489 3042 0)=
1513 2958 1601 3025 Sene
1613 2962 1768 3045 Augusto

223 3077 433 3140 suncampus,
484 3059 624 3140 aliique,
677 3062 732 3145 qui
770 3058 807 3123 ati
849 3080 969 3123 aunum
1027 3063 1131 3124 lanus
1148 3061 1356 3144 patefactus,
1388 3063 1466 3121 dum
1496 3064 1590 3142 apud
1606 3075 1769 3125 extremos

106 3174 110 3179 '
223 3158 264 3221 V.
288 3160 324 3221 C.
356 3160 413 3220 811
453 3159 614 3223 subactam
649 3164 856 3236 Armeniam,
897 3181 969 3224 coa·
1028 3176 1190 3225 terraram
1216 3163 1378 3224 terminos
1405 3180 1510 3223 novoe
1533 3176 1656 3245 gentes
1679 3182 1769 3245 saepe

223 3271 376 3340 utumque
396 3259 575 3322 Tiridatem
592 3264 766 3326 Armeniae
790 3283 928 3346 regnum
950 3284 969 3326 a
1026 3281 1070 3326 ex
1087 3282 1167 3340 usu,
1187 3264 1230 3324 'et
1247 3262 1430 3341 aliquando
1446 3282 1522 3325 cum
1538 3264 1663 3327 damno
1679 3283 1771 3345 quar·

222 3362 356 3423 Nerone
391 3361 560 3445 accipere,
593 3376 689 3448 utque
718 3378 895 3447 propterea
923 3367 970 3425 Ia·
1026 3376 1164 3441 rantur,
1202 3382 1305 3442 usque
1336 3364 1382 3425 ati
1408 3366 1612 3444 Vespasiani
1643 3368 1772 3429 aaran

222 3462 256 3522 ni
285 3462 443 3545 templum
471 3463 615 3527 clausum
639 3465 803 3529 adserunt.
843 3463 968 3526 'I'irida-
1025 3469 1209 3547 imperium.
1239 3462 1346 3529 Periit
1359 3462 1447 3526 liber
1464 3466 1590 3545 Taciti,
1614 3467 1671 3553 qni
1692 3466 1771 3531 naec

224 3563 264 3627 tis
295 3564 485 3641 adventum,
520 3566 693 3651 datumque
723 3583 792 3631 tum
821 3570 854 3630 ei
881 3568 968 3630 inter
1024 3568 1141 3634 refert.
1180 3570 1218 3629 Ia
1242 3566 1293 3629 his
1317 3563 1429 3630 verbis
1456 3580 1570 3633 certas
1596 3588 1696 3633 error
1718 3580 1770 3632 sut

223 3667 360 3728 straxima
403 3668 549 3730 solennia
592 3670 768 3734 Armeniae
812 3692 966 3754 regnum,
1025 3668 1139 3733 Orosii
1164 3668 1312 3733 Tacitum
1340 3669 1571 3753 excerpenda,
1608 3671 1666 3757 qni
1686 3670 1771 3735 forte
1818 3742 1824 3751 ,

224 3768 312 3850 quod
334 3771 508 3831 Suetonius
535 3770 621 3834 dicto
646 3775 751 3855 capite
770 3775 857 3836 XIII.
876 3773 967 3834 nullo
1023 3792 1084 3855 pro
1115 3773 1315 3853 Vespasiani
1335 3770 1506 3855 scripserit
1529 3770 1693 3849 Neronis,
1720 3786 1772 3837 ant

222 3870 379 3953 temporis
404 3871 525 3933 indicio
547 3888 798 3951 commemorat,
828 3875 893 3935 Dio
921 3875 968 3935 in·
1023 3871 1123 3955 ipsius
1142 3871 1264 3945 Taciti3
1285 3892 1359 3935 nam
1380 3884 1430 3934 tot
1445 3871 1551 3953 obvii,
1568 3892 1608 3937 ac
1625 3872 1695 3937 triti
1709 3874 1771 3937 Nc·
1813 3866 1817 3877 ⁸

219 3984 273 4034 ter
297 3985 366 4035 acta
389 3974 463 4034 anni
484 3975 524 4040 V.
544 3976 581 4039 C.
605 3976 667 4057 81«)
693 3978 806 4039 refert.
845 3978 889 4038 Et
912 3998 968 4040 ve·
1022 3975 1111 4037 ronis
1128 3974 1219 4036 numi
1233 3972 1274 4037 sb
1290 3973 1355 4036 hoc
1374 3973 1501 4038 closum
1520 3976 1635 4039 Ianum
1653 3974 1770 4040 invium

221 4094 260 4135 ro
281 4060 473 4137 eIJIlrotier
490 4098 621 4139 numum
641 4099 779 4141 aeneum
798 4080 821 4137 I.
840 4079 965 4141 formae
1021 4075 1236 4157 comprobant
1243 4097 1254 4157 ς
1272 4094 1380 4161 neque
1395 4076 1462 4139 dici
1471 4078 1770 4160 potestcutnllusl·

222 4177 336 4240 recitat
374 4176 412 4239 ad
442 4178 547 4240 Taciti
586 4180 726 4241 Annales
755 4182 795 4243 1..
818 4182 905 4244 XVI.
935 4201 963 4243 c.
1023 4176 1066 4240 ‹Io
1082 4179 1125 4258 d),
1139 4178 1471 4242 Neronema'l'scito
1485 4177 1606 4256 omitti,
1619 4180 1768 4265 quonism

223 4279 280 4353 28,
312 4280 345 4339 in
377 4280 467 4363 cujus
497 4281 600 4344 antica
630 4281 779 4365 proditur
810 4281 886 4345 trib.
910 4302 965 4365 po·
1022 4280 1075 4344 hic
1090 4282 1200 4343 Ianum
1214 4279 1312 4344 nullis
1328 4281 1426 4356 teris,
1443 4293 1479 4344 et
1491 4278 1652 4367 legitimis
1669 4282 1770 4347 musis

257 4610 288 4659 al
309 4607 569 4671 InNt·ronen.15.
688 4609 723 4679 b).
744 4611 771 4662 in
789 4610 905 4666 Nerone
922 4608 1047 4664 artvll.
1172 4612 1201 4681 cst
1221 4606 1401 4671 L.VII.c.5.
1519 4606 1556 4680 tl)
1576 4608 1608 4663 in
1624 4604 1768 4666 Plutarch.

164 4750 169 4761 .
221 4710 309 4774 not.
