4012 5370
130 3007 134 3011 -
222 2980 333 3023 rerum
348 2980 369 3019 α
385 2981 419 3020 se
433 2971 604 3041 gestarum
624 2963 815 3023 memoriam
832 2962 970 3040 aliquod

158 4788 194 4841 ι’

229 474 297 553 ,05
837 457 1159 533 AVGVSTVS.

226 635 326 700 habet
352 633 490 697 eandem
516 628 718 711 comprimo
738 646 901 701 aversam,
935 640 969 689 et
1027 627 1075 689 lio
1097 648 1196 690 araus
1215 626 1446 709 triumphalis,
1470 644 1575 708 supra
1596 642 1692 704 auem
1714 629 1770 691 in·

224 736 365 800 eundem
392 736 431 799 L.
453 731 617 801 Vinicium
640 741 819 793 auctorem.
861 726 968 790 Etiam
1022 740 1160 812 parator
1175 730 1212 790 ia
1226 730 1415 811 quadrigis,
1435 727 1517 789 ltine
1531 728 1680 791 scillino
1694 730 1769 791 Par·

223 859 340 898 numus
358 838 428 911 lll.,
445 855 518 895 nam
534 832 633 894 habet
649 829 787 891 anticam
803 828 875 892 fero
894 850 969 892 ean·
1027 831 1106 892 thus
1121 843 1232 902 stans,
1251 829 1342 909 infra
1360 850 1490 892 areum:
1511 830 1553 895 L.
1566 828 1769 899 ‘t'tNtclvn

223 937 300 1002 dem
327 956 401 1000 cum
425 934 580 997 secundo.
616 932 724 994 Etiam
750 952 866 991 numus
894 932 967 1008 lV.,
1026 930 1096 991 All.
1115 930 1265 1012 (ltlorelli
1282 930 1315 991 in
1332 929 1478 1009 Vinicio,
1501 934 1588 993 Mus.
1606 933 1717 1012 Caes.)
1810 972 1812 981 ·

222 1060 296 1102 nam
318 1039 387 1121 ojus
409 1056 522 1102 aversa
546 1033 662 1098 eadem
686 1047 736 1095 est
760 1053 834 1095 oum
854 1052 968 1097 aversa
1090 1035 1218 1114 atypum
1240 1032 1381 1094 similem
1405 1032 1471 1114 jam
1494 1030 1701 1096 vidimusad
1720 1052 1770 1094 au·

222 1141 323 1205 tertii.
345 1137 442 1201 Ratio
456 1156 569 1220 prona.
590 1136 687 1196 Anno
702 1135 744 1201 V.
761 1135 796 1197 C.
813 1152 876 1216 727
894 1153 968 1197 eoe-
1025 1154 1101 1196 num
1118 1135 1159 1200 V.
1175 1134 1210 1195 C.
1231 1134 1305 1215 736.
1336 1134 1429 1217 Ergo
1450 1133 1511 1197 hae
1530 1134 1644 1200 adhue
1665 1146 1768 1200 asara

223 1258 297 1327 ptaa
313 1239 432 1302 muniri
449 1239 535 1318 viae3
552 1250 583 1299 at
596 1237 716 1299 arduus
730 1235 783 1299 hie
797 1234 890 1297 labor
906 1247 967 1311 est,
1024 1236 1169 1302 honores
1187 1234 1330 1298 Parthici
1352 1248 1589 1303 memorantur.

222 1360 259 1410 et
272 1358 412 1425 tempus,
428 1353 638 1423 sumptusque
653 1339 804 1421 postulat,
821 1348 854 1400 et
868 1357 965 1420 saepe
1033 1362 1037 1368 ’

222 1443 470 1521 intermittitur3
504 1443 567 1506 hoe
598 1440 728 1502 demum
758 1459 841 1501 auno
872 1439 968 1500 statui
1212 1421 1592 1506 1⁴0·739A·X·¹⁵·

223 1559 334 1631 potest
356 1543 538 1619 absolutus,
569 1562 606 1605 ae
627 1554 802 1624 eapropter
826 1540 967 1624 positae,
1064 1540 1130 1606 Tu.
1150 1544 1188 1605 P.
1206 1540 1586 1608 altumaltum.
1609 1539 1737 1607 PottT.

224 1669 263 1712 ao
278 1645 445 1709 dedicatae
463 1656 601 1722 statuae,
622 1650 700 1728 quas
719 1655 877 1704 memorat
890 1643 966 1718 Dio,
1305 1662 1408 1726 ῙΜΡο
1425 1659 1491 1724 [χ.

223 1762 259 1812 ‘t
283 1758 470 1832 1)Γοῑόιιιιιη
493 1744 594 1810 numi·
624 1744 724 1807 Addit
749 1764 824 1807 me
849 1743 968 1807 ⁰⁰dem
1026 1778 1079 1844 M.
1097 1780 1196 1843 Livio
1222 1781 1335 1843 Druso
1356 1781 1501 1857 Libone,
1525 1779 1569 1847 L.
1592 1782 1762 1864 Calpurnio

221 1853 298 1915 loeo
317 1851 414 1914 etiam
428 1846 510 1909 Dio:
533 1848 680 1936 reliquae
697 1852 771 1909 vias
785 1850 968 1930 posteriore
1296 1883 1420 1944 Pisone
1435 1903 1504 1949 cos·

221 1969 366 2036 tempore
389 1955 544 2034 reflectas.
573 1950 655 2010 Sunt
677 1963 784 2010 tamen
805 1947 901 2010 etiam
923 1960 969 2011 te·

223 2054 374 2118 stimonia
397 2050 564 2135 propiora.
591 2051 709 2113 Narrat
732 2048 905 2112 Suetonius
928 2052 967 2130 ι).
1088 2046 1205 2112 Adhnu
1229 2046 1264 2107 in
1286 2045 1405 2109 Galliis
1434 2047 1520 2132 agit,
1552 2049 1586 2110 in
1601 2070 1707 2134 ausa,
1732 2063 1763 2113 ut

225 2156 303 2238 Quo
317 2164 429 2215 autem
443 2150 751 2236 faciliusuadique
768 2153 847 2213 urbs
863 2153 969 2212 adire·
1026 2150 1122 2213 etiam
1138 2151 1173 2211 in
1188 2148 1394 2232 Hispaniam,
1421 2148 1570 2213 colonias
1591 2150 1692 2215 ducit.
1716 2149 1763 2212 Ti·

223 2267 295 2329 tur,
324 2255 496 2334 desumpta
520 2251 586 2312 sibi
612 2254 669 2313 via
691 2253 861 2314 Flaminia
886 2252 969 2314 Ari·
1024 2250 1157 2335 berius,
1179 2264 1213 2314 et
1230 2252 1359 2314 Drusus
1380 2249 1500 2315 iratres
1518 2252 1666 2317 Rhaetos
1686 2272 1763 2318 eom·

223 2359 314 2418 raino
330 2365 426 2415 tenus
436 2353 614 2415 munienda
627 2352 773 2432 reliquas
788 2353 969 2433 triumpha·
1025 2366 1174 2438 pessunt.

224 2455 313 2519 libus
340 2456 422 2516 uiris
445 2471 489 2514 aa
514 2453 701 2514 manubiali
723 2457 865 2535 pecunia
887 2466 969 2515 ster·
1091 2454 1316 2539 Certoshujus
1329 2455 1617 2522 auuiuumosnou
1630 2459 1761 2543 reperio.

224 2557 350 2619 nendos
373 2554 556 2616 distribuit.
588 2550 688 2645 Quod
713 2554 768 2617 hic
794 2555 967 2619 Suetonius

222 2676 291 2718 non
310 2652 451 2717 indicato
471 2665 623 2737 tempore
638 2651 767 2738 prodit,
794 2656 828 2716 id
848 2657 968 2720 sactum
1213 2642 1255 2704 V·
1275 2641 1309 2703 ⁰·
1327 2647 1391 2724 74⁰
1409 2641 1457 2705 A·
1471 2642 1521 2706 Χ·
1541 2651 1590 2721 ¹⁴·

222 2757 288 2820 Dio
313 2755 496 2819 adsunam
521 2757 727 2839 superiorem
751 2755 872 2820 refert:
904 2762 966 2837 iis,
1091 2758 1158 2822 Til.
1175 2760 1212 2825 P.
1228 2756 1293 2825 IX.
1310 2760 1358 2827 X.
1380 2758 1476 2824 COS.
1494 2760 1563 2826 XI.
1581 2758 1712 2827 PONT.
1752 2805 1756 2810 ·

221 2863 281 2939 qui
308 2858 611 2939 triumphaverant,
643 2861 834 2937 mandauit,
867 2875 905 2923 ut
931 2865 968 2924 in
1302 2878 1404 2943 IMR
1424 2878 1490 2943 Ιχ,

673 3064 680 3078 ‚
1025 2996 1079 3064 M.
1088 2995 1221 3061 Licinio
1232 2998 1363 3075 Crasso,
1375 2998 1434 3065 Cn.
1447 2998 1764 3065 CoraLerttuioeos.

222 3070 467 3123 monumentum
482 3080 528 3124 ex
543 3063 710 3122 manubiis
727 3074 945 3123 exstruerent.

285 3160 418 3222 Literae
442 3158 605 3223 solitariae
628 3181 800 3223 nemorum
822 3164 848 3227 l.
873 3175 906 3225 et
927 3164 966 3223 II.
1085 3163 1202 3247 Pergit
1216 3183 1272 3226 res
1283 3162 1419 3242 Galliae,
1434 3164 1644 3245 Germaniae,
1656 3166 1766 3251 Hispa·

221 3273 316 3324 recte
346 3259 522 3341 explentur
550 3282 592 3324 ex
619 3262 716 3327 Livio
738 3258 786 3343 1³):
824 3261 968 3326 Senatus
1023 3262 1097 3327 niae
1113 3284 1324 3348 componere.
1345 3266 1497 3330 Asandro
1512 3269 1767 3354 mortuodgrip-

224 3363 412 3424 consultum
428 3362 565 3443 factum
590 3373 656 3438 est,
684 3374 738 3439 ut,
763 3383 845 3442 quos
871 3365 967 3428 tactos
1023 3386 1065 3448 pa
1090 3365 1214 3428 bellum
1242 3367 1277 3427 in
1303 3370 1537 3433 tumultuantes
1562 3372 1766 3455 Bosporanus

223 3468 311 3527 inter
329 3465 525 3527 seditionem
543 3464 723 3526 militarem
745 3467 782 3526 ia
800 3464 967 3546 Hispania
1024 3479 1152 3540 moret,
1177 3487 1300 3552 eosque
1317 3470 1421 3533 victos
1436 3470 1616 3536 Polemoni
1632 3471 1766 3555 subibit,

220 3568 380 3643 vovisset,
409 3585 453 3628 ex
476 3587 517 3627 ea
535 3568 692 3647 pecunia,
717 3585 815 3644 quam
839 3568 908 3646 ipse
930 3569 967 3628 ia
1026 3580 1060 3630 et
1071 3567 1231 3650 Dynamio
1249 3570 1389 3633 Asandri
1402 3570 1535 3636 viduam
1551 3592 1692 3639 uxorem
1704 3572 1766 3637 dat.

221 3669 392 3759 aerariura
419 3667 609 3743 detulisset,
630 3671 774 3750 faceret.
806 3664 879 3757 Quo
908 3665 970 3728 mi·
1087 3671 1203 3754 Neque
1221 3671 1409 3753 hujussnnt
1423 3674 1517 3736 numi
1532 3676 1766 3755 exstant-serti.

222 3787 284 3830 nus
300 3767 418 3830 literae
436 3767 491 3844 IS,
521 3766 609 3849 quod
629 3767 728 3851 aliqui
747 3768 867 3851 opinati
882 3782 968 3848 sunt,
1286 3763 1291 3773 ’
1537 3768 1545 3773 ’

220 3869 428 3933 LussuSao
446 3881 559 3930 notare
576 3870 716 3951 possint,
736 3869 855 3947 obstat,
878 3869 965 3954 quod
1209 3859 1251 3921 V·
1273 3856 1308 3921 0·
1323 3864 1384 3940 7¹il
1404 3860 1454 3922 A·
1469 3858 1516 3924 X·
1536 3856 1587 3927 ¹3·

222 3970 321 4055 postl
344 3967 379 4030 in
390 3969 501 4033 numis
515 3968 612 4031 etiam
628 3970 749 4053 optime
767 3972 966 4039 conservatis
1029 3972 1098 4041 Ta.
1117 3977 1153 4038 P.
1170 3974 1218 4041 X.
1231 3974 1298 4041 XI.
1317 3976 1413 4043 COS.
1429 3979 1499 4045 XI.
1516 3978 1656 4047 POMI
1671 3980 1766 4047 IMP-

222 4083 380 4155 punctum
396 4090 461 4132 uon
477 4084 641 4154 appareat.
1252 4094 1319 4162 IX,
1334 4100 1472 4181 ⁶‚essm
1487 4099 1536 4164 χ,

247 4171 513 4343 θοὶὲξὲἰαθᾶὴῑῑῧ
540 4172 581 4239 1³·
601 4170 721 4243 vinidi
749 4195 866 4240 numm
890 4194 966 4243 Μ’
1027 4211 1076 4276 Ti.
1090 4213 1206 4279 Claud.
1214 4212 1355 4292 Nerone,
1370 4216 1592 4301 RQutnsttto
1602 4221 1765 4297 Varosos.

223 4300 245 4341 n
411 4296 420 4338 ε

389 4379 497 4459 Caput
514 4377 668 4458 Augusti
684 4376 820 4443 nirdam.
975 4392 978 4397 ·
1085 4380 1224 4444 Romam
1243 4380 1432 4450 revertitur.
1468 4383 1615 4449 Moritur
1639 4386 1687 4452 E.
1706 4384 1768 4451 lae·

223 4479 305 4544 S.P.
318 4476 614 4576 Q.R.1MP.CAE.
632 4482 827 4561 inscriptum
845 4483 969 4566 episty·
991 4490 994 4495 '
1020 4478 1117 4565 pidus
1140 4483 1288 4568 pontifex
1311 4504 1416 4564 max„
1443 4498 1479 4550 et
1504 4486 1585 4553 olim
1608 4486 1705 4557 tnsir
1723 4486 1765 4554 R.

258 4686 291 4758 s)
310 4683 383 4761 Cap.
397 4697 441 4752 so.
513 4687 550 4761 b)
569 4684 744 4753 LXXVIII·
762 4696 839 4755 cat.
1182 4660 1185 4665 Ι
