3998 5340
811 455 1193 543 HADRtANVS.

222 643 326 706 lidum
365 639 455 704 addit
493 637 677 712 Hadriano,
714 629 852 701 necesso
889 638 971 716 erit,

221 742 411 808 tantundem
433 740 593 824 temporis
618 737 763 802 adimere
790 741 972 803 successori

221 846 406 920 Antonino,
437 864 473 905 ac
502 856 570 905 tum
598 840 735 918 riderit‚'
765 841 798 902 in
825 863 906 926 quos
934 863 969 905 se

221 951 358 1033 laqueos
383 944 537 1010 induerit.
565 944 712 1016 Recole,
736 962 818 1026 quac
843 944 876 1006 in
899 965 972 1027 par·

220 1063 253 1112 te
273 1054 296 1114 1.
316 1048 411 1131 hujus
434 1045 545 1129 operis
571 1044 612 1108 ad
638 1065 754 1107 numos
778 1043 973 1108 Alexandria

218 1162 280 1213 'nos
306 1147 463 1212 Antonini
484 1147 536 1208 Pii
559 1146 803 1212 observavimus
826 1150 869 1228 ⁸).
903 1147 971 1211 Sed

222 1264 255 1313 et
277 1250 395 1332 Pagina
423 1251 506 1312 hanc
535 1249 656 1312 Norisii
686 1249 876 1332 opinionem
904 1249 969 1312 late

221 1352 341 1414 refutat
355 1350 399 1429 ¹³).

263 1453 338 1515 Fuit
356 1451 539 1515 Hadrianus
560 1452 648 1514 inter
666 1451 831 1536 principes
850 1450 892 1513 de
911 1451 970 1512 im·

219 1554 314 1638 perio
344 1557 493 1618 Romano
528 1554 650 1635 optime
687 1553 822 1616 meritos
857 1573 970 1614 nume·

219 1657 359 1731 raudus,
392 1656 453 1720 etsi
484 1655 629 1737 ingentia
657 1655 735 1718 sitia
760 1673 827 1716 non
853 1675 968 1736 parum

221 1759 292 1839 ejus
319 1777 417 1821 verae
447 1755 535 1818 laudi
562 1755 744 1818 detrahant.
782 1755 818 1815 Si
839 1754 969 1837 biogra-

219 1859 321 1942 phum
360 1858 582 1940 spartianum,
620 1857 829 1940 Dionemque
861 1855 968 1918 audia-

220 1983 310 2037 mus,
339 1980 406 2021 non
435 1959 534 2020 alium
562 1959 665 2040 magis
689 1958 871 2042 principem
892 1977 968 2040 per·

220 2061 297 2123 inde
320 2081 460 2136 summa,
492 2074 588 2146 atque
610 2059 719 2122 infima
741 2060 870 2142 imperii
892 2080 968 2141 pro·

220 2183 350 2225 curasse
373 2163 524 2244 legimus.
564 2161 669 2254 Quam
697 2161 754 2223 ille
782 2160 966 2223 indefessas

199 2263 319 2326 inerit
336 2265 370 2323 in
389 2262 548 2325 obeundis
564 2263 663 2325 totius
685 2262 816 2343 imperii
835 2263 966 2345 provin·

220 2366 298 2441 ciis,
332 2378 428 2448 atque
457 2364 625 2439 omnibus,
656 2385 718 2447 qua
740 2362 816 2424 illae
840 2363 965 2426 labora·

219 2480 312 2544 rent,
338 2486 399 2548 per
421 2486 457 2528 se
479 2467 585 2549 ipsum
607 2464 836 2548 inspiciendis,
868 2486 964 2549 quam

219 2589 355 2632 severus
385 2569 418 2628 in
451 2569 554 2629 milite
588 2565 780 2648 disciplinae
814 2579 963 2641 exactor,

220 2692 379 2755 quamque
411 2670 468 2732 iiie
496 2689 563 2731 non
594 2666 685 2729 ducis
716 2667 837 2749 magis,
869 2688 964 2750 quam

220 2772 451 2834 commilitonis
475 2791 591 2831 munus
617 2769 828 2853 iungeretur,
855 2772 965 2851 copio-

220 2874 285 2936 sius
304 2874 336 2934 in
358 2871 564 2957 sequentium
584 2891 755 2932 numorum
776 2869 965 2952 explicatio·

218 2975 491 3039 redimeremus.
527 2972 637 3036 Comis
663 2991 745 3035 vero
772 2971 805 3031 in
834 2991 964 3047 omncs,

220 3091 254 3139 et
279 3076 384 3140 facilis
409 3095 509 3159 saepe
532 3076 711 3138 amicorum
736 3072 893 3136 conviviis
917 3073 964 3134 in·

219 3178 350 3256 terium,
377 3199 494 3263 aegros
518 3178 613 3239 eiiam
634 3176 792 3239 tenuioris
812 3177 962 3238 fortunae

219 3279 267 3342 bis
297 3302 334 3346 ac
363 3293 414 3343 ter
435 3281 468 3340 in
492 3279 545 3342 die
568 3279 691 3354 inrisit,
721 3277 843 3340 solatiis
865 3276 961 3353 fovit,

219 3383 327 3446 omnia
351 3381 492 3467 denique
518 3380 559 3444 ad
585 3379 703 3463 privati
731 3378 871 3442 hominis
897 3400 963 3441 mo·

218 3484 295 3545 dum
324 3484 415 3547 iecit.
458 3483 503 3549 Vt
533 3481 702 3564 privatim,
732 3481 834 3546 sicet
857 3479 964 3563 publi·

220 3608 258 3650 ce
278 3586 423 3650 liberalis
441 3605 509 3648 non
530 3582 629 3647 modo
653 3583 799 3647 debitum
821 3580 893 3646 fisci
916 3583 963 3644 in·

218 3708 318 3771 gens,
349 3686 437 3773 quod
467 3685 508 3749 ad
535 3707 653 3749 annum
680 3688 721 3753 V.
739 3687 776 3752 C.
797 3685 856 3765 871
882 3684 963 3746 ridi·

217 3812 309 3866 mus,
351 3790 474 3873 po'puio
515 3789 659 3864 remisit,
704 3800 738 3852 et
778 3786 961 3869 provincias

217 3891 369 3955 damnum
391 3911 500 3973 passas
520 3891 640 3954 collato
662 3910 740 3953 aere
764 3887 960 3964 sublevavit,

216 3992 393 4057 sedetiam
415 3991 533 4055 erectis
557 3991 689 4076 templis
712 3987 963 4074 magnificentis-

216 4095 324 4169 simis,
354 4093 493 4156 Athenis
517 4093 710 4178 praecipue,
738 4114 816 4178 quas
838 4092 962 4175 impen-

216 4219 252 4260 se
284 4195 416 4270 dilexit,
453 4215 490 4259 ac
522 4195 652 4279 Cyzici,
689 4193 961 4280 aquaeductibus,

215 4297 392 4383 portubus,
411 4297 540 4360 urbium
557 4310 620 4359 tam
639 4310 847 4374 ornamento,
865 4317 961 4382 qnam

252 4529 284 4599 a)
303 4483 540 4602 Vol.1V.p.7s.
612 4520 648 4594 b)
668 4522 791 4579 hissera
805 4522 906 4599 hypat.
923 4523 955 4580 Ρ.
968 4521 992 4580 1.
1007 4540 1033 4581 c.
1050 4530 1077 4584 d·
1153 4523 1184 4595 c)
1203 4521 1233 4579 in
1249 4519 1340 4581 iiadr.
1353 4519 1420 4582 sub.
1433 4520 1491 4581 sm.-
1561 4522 1597 4596 d)
1617 4524 1762 4602 Spartian.

215 4617 319 4676 Victor
332 4617 364 4672 in
376 4614 453 4693 Epit.
526 4614 557 4686 c)
577 4611 607 4670 iu
622 4612 767 4690 Epitome.

1702 489 1775 565 dte

1031 625 1225 703 commodis
1244 638 1417 706 consuluit.
1444 640 1621 728 'Superest
1650 647 1776 715 Romae

1030 740 1209 824 stupendae
1240 741 1336 803 molis
1363 744 1550 826 sepulerum
1579 769 1597 809 a
1625 767 1662 811 se
1688 750 1778 832 juxta

1029 842 1178 905 Tiberim
1211 842 1394 922 conditum,
1427 844 1609 910 adcuratius
1639 849 1776 935 reliquis

1030 942 1230 1029 descriptum
1261 968 1282 1008 a
1304 947 1489 1028 Procopio,
1521 962 1554 1011 et
1580 948 1701 1014 rudera
1723 953 1777 1023 Ti·

1029 1043 1179 1123 burtina,
1212 1046 1283 1129 ejus
1314 1047 1574 1131 magnificentiae
1605 1065 1777 1117 aeternum
1814 1059 1821 1069 “

1028 1161 1293 1225 monumentum,
1324 1169 1389 1232 quo
1417 1148 1451 1209 in
1479 1148 1571 1229 loco,
1603 1166 1638 1214 nt
1667 1169 1779 1218 narrat

1030 1249 1217 1331 Spartianus
1240 1251 1288 1330 0),
1329 1249 1389 1311 sibi
1415 1250 1527 1314 villam
1555 1253 1638 1316 mire
1666 1254 1777 1321 aedifi·

1028 1349 1130 1425 cavit,
1169 1349 1212 1411 ita
1244 1363 1279 1411 ut
1308 1349 1342 1411 in
1375 1371 1416 1414 ea
1447 1366 1481 1414 et
1512 1355 1775 1436 provinciarum,

1027 1464 1062 1512 et
1083 1450 1231 1513 locorum
1260 1451 1477 1515 celeberrima
1507 1457 1637 1520 nomina
1663 1457 1780 1522 inscri-
1888 1472 1891 1479 '

1026 1550 1142 1627 beret,
1194 1551 1286 1615 reiut
1328 1555 1494 1634 Lyceum,
1545 1558 1776 1637 Academiam,

1025 1650 1242 1736 Prytanenm,
1267 1654 1452 1738 Canopum,
1474 1657 1650 1736 Poecilen,
1680 1663 1778 1723 Tem·

1024 1772 1069 1836 pe
1099 1768 1242 1820 vocaret.
1281 1755 1353 1816 Etsi
1383 1754 1459 1818 inde
1489 1757 1530 1819 ab
1559 1758 1646 1821 adito
1674 1760 1778 1844 impe·

1025 1855 1078 1918 rio
1109 1854 1249 1919 tuendae
1277 1877 1339 1939 per
1360 1870 1528 1920 terrarum
1557 1859 1673 1922 orbem
1699 1861 1773 1942 paci

1026 1977 1160 2040 operam
1187 1977 1318 2020 omnem
1343 1957 1519 2041 impendit,
1549 1982 1612 2046 qua
1636 1962 1678 2026 de
1702 1983 1775 2026 cau·

1025 2080 1059 2122 ss
1090 2059 1297 2136 Armeniam,
1338 2061 1549 2147 reliquasque
1583 2075 1672 2126 trans
1707 2066 1775 2126 Eu·

1023 2161 1172 2244 phratem
1191 2161 1312 2242 positas
1331 2162 1503 2243 regiones,
1529 2163 1682 2225 nimirum
1699 2187 1775 2249 per·

1023 2276 1157 2344 petuum
1180 2260 1344 2323 bellorum
1367 2263 1514 2326 fomitem
1531 2266 1620 2327 ultro
1636 2265 1773 2350 abJecit,

1022 2383 1088 2425 non
1113 2377 1222 2426 tamen
1247 2362 1387 2425 miiitem
1410 2364 1528 2448 ignaro
1552 2369 1621 2430 otio
1645 2367 1774 2431 difflue·

1022 2484 1060 2526 re
1083 2485 1194 2548 passus
1216 2477 1283 2541 est,
1317 2465 1375 2527 sed
1405 2482 1596 2551 occupatum
1617 2490 1772 2553 semper,

1023 2579 1056 2628 et
1074 2567 1107 2626 in
1125 2588 1291 2629 armorum
1312 2568 1446 2652 negotio
1464 2568 1632 2632 adsiduum
1652 2574 1772 2645 tenuit,

1023 2686 1087 2750 quo
1110 2665 1247 2743 factum,
1270 2681 1305 2729 ut
1328 2683 1361 2731 ct
1383 2669 1506 2731 exteris
1529 2684 1617 2733 asset
1633 2665 1772 2755 'semper

1022 2766 1233 2844 formidatus,
1265 2781 1299 2829 et
1327 2781 1361 2829 ut
1389 2768 1513 2830 bellum
1542 2770 1613 2853 ipse
1642 2773 1769 2835 nulium

1023 2867 1141 2944 morit,
1167 2867 1213 2930 sic
1236 2882 1322 2932 mota
1343 2869 1441 2934 facile
1464 2886 1688 2955 componeret.
1721 2878 1771 2935 ln·

1021 2981 1075 3032 tcr
1103 2970 1204 3033 serias
1232 2972 1289 3033 has
1315 2970 1445 3054 imperii
1468 2973 1698 3056 occupationes
1721 2998 1772 3038 su·

1022 3071 1146 3155 periuit
1168 3086 1274 3135 tamen
1297 3086 1443 3156 tempus,
1474 3073 1561 3159 quod
1589 3096 1648 3138 sen
1676 3098 1771 3140 exer·

1023 3174 1100 3237 citio
1123 3174 1288 3258 corporis,
1319 3197 1378 3238 eeu
1399 3176 1546 3239 honestis
1567 3176 1690 3241 artibus
1712 3180 1773 3242 im·

1021 3275 1193 3359 penderet.
1247 3277 1391 3342 Venatus
1433 3279 1583 3361 pertinax
1626 3279 1770 3342 studium

1020 3378 1110 3440 numi
1136 3378 1198 3462 ipsi
1225 3378 1490 3461 suppeditabunt.
1524 3379 1660 3444 Graecis
1686 3403 1780 3445 vero·

1023 3478 1136 3541 studiis
1163 3492 1249 3541 tanta
1275 3480 1352 3543 inde
1380 3502 1398 3542 a
1425 3501 1530 3564 puero
1556 3483 1767 3548 contentione

1021 3580 1082 3643 fuit
1104 3580 1251 3657 deditus,
1282 3594 1318 3644 ut
1339 3582 1520 3646 Graeculus
1546 3584 1616 3667 ipse
1645 3608 1662 3648 a
1689 3606 1771 3649 non·

1019 3682 1119 3745 nnllis
1141 3682 1307 3745 diceretur
1329 3680 1372 3765 d).
1404 3687 1520 3769 Neque
1543 3685 1767 3749 arithmeticae

1019 3771 1145 3860 modo,
1168 3784 1389 3867 geometriae,
1419 3787 1585 3870 picturae,
1615 3801 1649 3850 et
1670 3789 1769 3851 musi·

1020 3904 1078 3948 cae
1093 3886 1243 3968 peritiam
1257 3886 1425 3969 professus
1444 3903 1510 3969 cst,
1528 3888 1587 3952 sed
1605 3890 1702 3952 etiam
1718 3911 1769 3953 ar·

1020 3999 1087 4050 tem
1117 3986 1263 4072 tingendi
1293 4009 1334 4050 ex
1366 4011 1462 4067 aere,
1498 3992 1552 4056 rel
1581 4011 1765 4066 marmore,

1020 4109 1060 4149 an
1077 4108 1158 4152 vero
1174 4090 1324 4171 proxime
1340 4092 1544 4176 Polycletos,
1562 4106 1601 4156 et
1618 4093 1765 4178 Euphra·

1019 4210 1135 4267 noras,
1178 4190 1325 4269 Victori,
1370 4194 1426 4278 qui
1462 4193 1549 4256 istud
1585 4197 1764 4260 memoriae

1018 4292 1178 4380 prodidit,
1198 4315 1264 4358 non
1279 4309 1408 4358 temere
1422 4294 1586 4360 eredimus
1601 4298 1642 4379 ιθ).
1665 4298 1767 4362 Pere-

1414 4707 1569 4791 Pppa
