4012 5370
221 494 294 561 200
850 477 1140 556 TIBERIVS.

225 649 336 731 petiit,
367 661 403 712 ut
430 647 551 711 diserte
582 645 755 710 Suetonius
777 648 825 729 ·)=
862 669 902 709 uc
930 671 970 710 ne
1228 644 1388 731 Pontifex
1408 650 1591 714 munimus.

225 753 381 833 Augusti
399 754 529 828 quidem
553 770 688 825 nomen,
715 754 865 827 quurnm's
881 752 970 812 ltere·
1088 745 1191 824 Vide,
1210 769 1293 832 qnae
1311 746 1354 813 de
1371 747 1436 813 hoc
1457 748 1545 815 dicta
1562 744 1693 817 suntad
1707 770 1753 818 n·

222 854 402 927 disertum,
422 854 502 912 ullis
516 854 583 912 nisi
602 853 649 912 nd
662 871 754 929 reges
767 862 798 910 ct
810 852 970 930 dynastas
1026 872 1104 913 num
1117 850 1159 918 V.
1174 850 1210 915 C.
1224 851 1302 935 768.

223 955 374 1033 epistolis
393 955 532 1015 addidit.
560 950 643 1025 Dio,
669 950 726 1033 qui
742 951 882 1031 primum
902 950 975 1012 obi-

222 1067 275 1117 ter
294 1053 421 1129 scribit,
452 1073 525 1115 cum
542 1051 681 1133 Augusti
701 1071 819 1113 nomen
835 1072 900 1114 non
918 1072 970 1114 ac·
1277 1033 1301 1096 Ῑ
1304 1055 1389 1119 ''¹1⁷‘'
1398 1056 1415 1096 Υ
1422 1054 1444 1095 ⁰
1451 1046 1466 1097 ἲ
1473 1056 1528 1099 0'·

225 1155 352 1238 cepisse
376 1154 427 1236 b),
452 1154 563 1238 paullo
582 1166 654 1235 post
672 1153 817 1233 apertius
834 1153 868 1213 in
886 1152 968 1216 haec
1088 1150 1297 1233 Imperatoria
1311 1151 1407 1216 titulo
1422 1166 1574 1240 tanquam
1590 1154 1756 1240 praenomi-

222 1256 324 1321 verba
349 1263 398 1335 ε)ε
432 1258 586 1335 Augusti
608 1273 724 1314 nomen
750 1276 814 1315 non
840 1257 970 1332 quidem
1026 1249 1076 1313 nis
1097 1251 1250 1314 abstinuit
1267 1272 1414 1336 quoque,
1439 1270 1475 1318 ut
1495 1270 1635 1321 testatur
1657 1258 1756 1323 Sueto·

222 1361 416 1438 usurpabat,
436 1359 575 1416 audiens
588 1369 709 1428 tomen,
729 1368 790 1415 aut
809 1357 968 1434 scriptum
1026 1354 1098 1414 nius
1118 1350 1172 1437 Ιι).·
1202 1357 1406 1417 Praenomen
1438 1354 1654 1439 imperatoris
1676 1394 1691 1410 ·
1711 1394 1726 1411 ·
1743 1390 1757 1411 ·

222 1460 334 1542 legens
348 1458 494 1539 sistebat.
526 1455 637 1548 Quare
651 1453 747 1515 etiam
767 1454 911 1529 ferebat,
930 1475 965 1517 se
1024 1458 1205 1531 recusavit,
1236 1467 1270 1517 et
1297 1456 1362 1517 Dio
1393 1456 1428 1517 in
1456 1457 1574 1522 eadem
1604 1459 1701 1527 verba
1722 1456 1754 1545 ¹),

221 1559 256 1620 in
280 1560 386 1619 numia
409 1556 575 1632 omnibus,
598 1569 630 1617 et
647 1555 786 1638 publicis
805 1555 969 1640 epigram·
1023 1556 1078 1639 qui
1094 1570 1128 1617 ct
1152 1554 1230 1618 alibi
1256 1556 1370 1633 tradit,
1393 1557 1631 1640 imperatorem
1654 1578 1690 1627 ιο
1705 1556 1753 1627 alsi

222 1660 315 1724 matis
335 1659 504 1736 continuo,
531 1678 648 1744 exque
665 1655 837 1740 imperium
853 1657 971 1736 adivit,
1021 1678 1040 1719 a
1065 1657 1222 1720 militibus
1244 1659 1357 1721 vocari
1379 1680 1508 1742 passum
1533 1682 1602 1727 nou
1623 1684 1697 1729 esse
1713 1663 1752 1749 ¹¹)-

224 1761 288 1826 dici
307 1764 501 1847 Augustum.
717 1826 720 1833 ,
1022 1757 1235 1821 Consentiunt
1256 1760 1363 1837 numi,
1389 1773 1424 1823 et
1449 1784 1631 1842 marmora,
1653 1762 1752 1853 inqui·

263 1858 267 1866 ’
1022 1859 1081 1922 bus
1103 1860 1173 1941 ejus
1192 1860 1277 1924 tituli
1295 1882 1361 1924 non
1381 1863 1587 1931 scribuntur:
1609 1868 1697 1932 nte.
1709 1866 1751 1931 ΤΙ.

412 1950 546 2009 ῬΜΗ
585 1949 771 2030 passm·
1027 1960 1215 2038 cttssstt,
1247 1960 1306 2024 sed
1335 1962 1548 2047 simpliciter:
1588 1970 1644 2035 'PL
1671 1968 1750 2032 cst,

284 2068 358 2129 Hoc
380 2066 515 2128 honoris
540 2067 696 2129 vocabulo
715 2086 788 2127 eum
806 2079 969 2148 perpetuo
1027 2062 1123 2126 salt.
1166 2063 1305 2129 Valeant
1334 2084 1416 2148 ergo
1447 2068 1539 2129 numi
1561 2045 1751 2133 nniGoltsio

221 2168 413 2233 abstinuisse
432 2169 589 2228 unanimis
612 2182 661 2229 est
685 2170 879 2250 scriptorum
900 2189 969 2227 om·
1026 2164 1186 2246 comperti
1205 2187 1278 2227 oum
1295 2167 1476 2252 epigraphe
1491 2164 1637 2237 ATTO.
1650 2166 1750 2234 TIBE-

221 2271 310 2331 nium
329 2271 501 2333 sententia.
526 2270 700 2330 Suetonius
717 2269 760 2330 ait
782 2271 834 2345 dat
851 2289 968 2351 cogno·
1026 2260 1223 2329 P10T.etc.

222 2394 296 2434 rnen
310 2377 579 2452 putrispntriue,
604 2385 636 2430 ct
656 2373 795 2431 civicum
812 2376 846 2430 in
867 2373 964 2430 vesti·
1086 2368 1320 2450 Imperatorem
1357 2382 1464 2433 tamen
1500 2394 1522 2435 u
1555 2372 1693 2438 victoriis
1718 2390 1747 2437 se

221 2473 299 2534 bulo
318 2493 471 2532 coronam
487 2474 672 2543 recusavit,
696 2468 795 2551 idque
814 2470 892 2531 alibi
911 2489 966 2532 co·
1022 2467 1088 2530 dici
1111 2469 1269 2530 sustinuit.
1310 2472 1458 2535 Vidimus
1480 2472 1514 2534 in
1536 2474 1696 2538 annalibus
1711 2492 1744 2536 es

220 2571 346 2656 pinsins
370 2573 539 2634 conlirmat
560 2575 601 2652 ²).
643 2571 734 2633 Idem
759 2570 880 2634 adserit
897 2572 962 2634 Dio
1020 2569 1146 2644 numis,
1179 2569 1349 2634 Tiberium
1370 2573 1405 2634 in
1426 2574 1501 2639 trib.
1517 2589 1673 2659 potestate
1688 2574 1742 2637 ΧΠ.

221 2674 307 2736 binis
340 2674 421 2737 locis
447 2672 490 2754 s),
528 2686 561 2736 ct
594 2673 725 2735 Tacitus
747 2675 797 2754 s):
835 2672 963 2736 Nonten
1020 2670 1121 2733 fuisse
1139 2672 1373 2755 imperatorem
1392 2676 1454 2753 V„
1474 2692 1572 2762 utque
1588 2677 1647 2740 sub
1662 2677 1741 2761 ipsun

218 2781 476 2859 putrisputriuc
493 2776 967 2857 «populosnepiusingessnm
1025 2773 1154 2856 imperii
1181 2773 1303 2838 aditum
1335 2777 1572 2862 imperatorem
1597 2780 1664 2847 Vll
1694 2778 1741 2839 lie

221 2882 425 2959 repudiavit,
464 2877 561 2959 idque
599 2877 675 2939 stibi
715 2877 831 2938 iterato
866 2877 969 2938 incul·
1025 2875 1106 2959 liqui
1124 2875 1224 2958 igitur
1239 2881 1368 2941 numeri
1392 2880 1480 2945 inter
1502 2880 1651 2947 victorias
1670 2894 1740 2963 prae·

222 2993 275 3044 cat
295 2977 338 3060 h).
383 2978 624 3041 ilistoricorum
655 2980 821 3042 oraculum
850 2978 969 3041 confir·
1025 2975 1182 3039 cedentes
1211 2977 1443 3063 dispertiendi,
1479 3004 1616 3067 quarum
1636 2978 1736 3067 quiden

223 3093 311 3143 mant
327 3080 418 3142 numi
433 3102 564 3154 omnes,
590 3102 627 3142 ac
647 3101 825 3156 marmora,
860 3080 967 3163 siqua
1025 3077 1206 3142 meminere
1229 3080 1392 3167 historici,
1414 3084 1494 3169 quin
1515 3096 1735 3165 tamenscntptt

223 3195 299 3245 sunt
339 3195 449 3243 certae
479 3180 567 3243 tidei.
612 3179 721 3273 Quare
749 3180 825 3243 satis
857 3180 967 3242 mirari
1025 3178 1208 3256 adderent,
1232 3182 1413 3268 exquibus
1436 3181 1732 3251 acclamatussitin·

222 3303 290 3345 non
324 3302 455 3365 possum
485 3281 751 3356 Mediobarbum,
792 3281 847 3365 qui
875 3282 966 3343 nullo
1024 3300 1167 3371 perator.
1230 3288 1316 3349 Tres
1348 3284 1510 3350 anteum
1544 3288 1644 3352 refert
1673 3280 1730 3355 nis,

223 3398 357 3448 auctore
381 3384 550 3447 Tiberium
572 3378 679 3447 stetini
700 3396 829 3445 mortuo
857 3383 969 3465 Augu·
1026 3410 1104 3473 quus
1131 3409 1168 3452 ea
1200 3388 1387 3452 acclamatio
1416 3404 1595 3453 consecuto
1617 3400 1674 3463 est,
1698 3377 1732 3441 ti·

223 3502 275 3551 sto
291 3500 418 3567 putrem
434 3490 567 3569 patriae
591 3484 712 3549 dictum
730 3500 856 3548 temere
876 3483 969 3546 adse·
1025 3489 1214 3554 mirum-sd
1239 3490 1280 3559 V.
1303 3491 1339 3553 C.
1361 3489 1439 3571 746,
1473 3494 1558 3574 759,
1582 3489 1655 3572 763,
1677 3476 1730 3549 reli·
1769 3510 1781 3575 ,ᾗ

223 3592 277 3669 rii,
294 3591 393 3674 itique
410 3603 498 3652 tanto
515 3587 627 3673 mugit,
646 3586 733 3672 quod
750 3588 820 3670 ipse
841 3585 968 3647 nulium
1027 3614 1105 3678 quae
1135 3591 1323 3654 dissimulat.
1372 3590 1524 3659 Velleius
1558 3587 1670 3655 Tiberii
1689 3590 1747 3645 Μ’
1773 3608 1781 3671 ³¹

224 3693 354 3778 profert
389 3713 522 3754 numum
565 3710 605 3752 eo
633 3689 728 3752 titulo
765 3689 965 3772 inscriptum.
1024 3696 1115 3758 hello
1148 3708 1273 3778 gestas,
1309 3706 1480 3777 antequam
1510 3692 1642 3779 imperio
1664 3682 1727 3753 solut
1778 3706 1781 3751 t

224 3794 353 3857 Eodem
373 3813 489 3855 errore
508 3792 654 3868 Patinus,
674 3792 744 3854 fors
761 3791 879 3854 ducem
897 3794 968 3853 Me·
1024 3797 1204 3880 potiretur,
1237 3815 1408 3871 eumuna,
1439 3794 1504 3875 ait,
1544 3815 1616 3859 eom
1639 3798 1726 3873 septen
1775 3812 1781 3915 p

225 3894 418 3957 diobarbum
444 3907 574 3958 secutus
599 3894 736 3957 Tiberio
758 3916 891 3956 numum
911 3893 967 3956 tri-
1023 3898 1207 3981 triumphos
1218 3900 1383 3974 meritum,
1401 3898 1511 3959 tribus
1511 3899 1622 3983 fuisse
1631 3900 1727 3958 costel·
1775 3920 1781 3987 ,'

225 3998 297 4062 buit
339 3996 529 4078 inscriptum
577 3991 754 4061 HATHP.
805 3993 969 4058 ΠΑΤΡῙ·
1025 4013 1096 4064 tum
1118 4001 1162 4082 n),
1198 3999 1249 4060 Ex
1275 4017 1341 4081 quo
1366 4012 1519 4081 apparet,
1547 4018 1618 4063 enm
1638 3984 1727 4076 septis·

227 4096 321 4162 ΔΟΣ
345 4096 392 4182 ἶ),
421 4098 477 4181 qui
511 4119 574 4181 per
607 4098 689 4163 hanc
713 4098 816 4182 ipsam
841 4099 969 4184 epigra·
1026 4100 1146 4164 dictum
1162 4100 1395 4184 imperatorem
1413 4120 1455 4163 ex
1472 4099 1573 4164 rebus
1587 4096 1729 4185 gusina

226 4202 314 4287 phen
342 4215 393 4265 est
422 4201 576 4287 Augusti,
602 4215 657 4265 aut
681 4200 831 4277 alterius,
868 4199 967 4264 modo
1025 4203 1141 4289 quibus
1176 4215 1330 4285 septenos
1356 4201 1541 4285 triumphos
1567 4214 1615 4265 est
1633 4202 1728 4285 pron*

227 4326 294 4367 non
310 4303 447 4369 Tiberii.
1025 4306 1116 4369 ritus.
1148 4302 1192 4365 At
1215 4323 1298 4388 quae
1322 4302 1447 4366 fuerint
1470 4302 1532 4367 bae
1552 4300 1729 4369 uictorias·⁰
1762 4300 1781 4413 Ἰ

234 4422 1721 4465 ---------------------·’
1777 4416 1781 4467 ι,

265 4532 297 4602 a)
318 4530 446 4607 Cap.26.
567 4528 603 4603 b)
622 4528 753 4591 L.LV11.
767 4531 829 4600 §.2
881 4596 901 4604 ..
953 4530 984 4601 c)
1004 4526 1078 4585 ibid.
1095 4530 1158 4600 §.8.

229 4619 743 4695 nL.Lv11.t.s.L.Lv111.§.tn
846 4619 879 4693 g)
898 4618 1069 4682 euulsa
1174 4616 1450 4691 huruuua·
1526 4614 1534 4630 ⁸
1642 4612 1650 4627 '

230 4717 315 4784 pst.
405 4709 440 4784 t)
460 4712 535 4791 cap.
551 4714 594 4778 26.
686 4708 713 4783 1)
731 4707 940 4784 n.1.v11.t.2.
1032 4710 1077 4784 m)
1096 4706 1247 4782 intusa.
1338 4708 1374 4783 a)
1392 4704 1474 4771 11.ss
1493 4720 1588 4773 cren
