4012 5370
218 468 289 545 130
837 390 1166 529 stitit-'srva
1277 512 1282 527 .

221 636 293 695 seri
307 630 464 712 Angusto
481 631 527 690 nd
539 629 624 689 deno
644 628 754 689 n'rbem
773 628 817 687 ed
834 647 968 688 coneur-
1024 616 1115 698 iidie,
1133 620 1219 706 quod
1234 610 1340 693 edidit
1358 616 1471 683 eomes
1487 612 1606 703 Ceyius
1628 616 1673 701 ¹‘),
1688 616 1760 683 dici·

225 754 297 797 sum
306 734 494 818 fluviorum
515 744 564 791 est
578 732 737 810 positum.
763 730 855 791 Illud
873 749 966 789 erem
1023 739 1078 788 tor
1095 723 1255 787 Polemon
1272 722 1424 787 sacerdos
1440 718 1552 785 ΤΑΣ.
1570 716 1759 785 ΡΩΜΑΣ.

220 836 320 897 hebet
329 833 571 895 memorabilem
584 852 657 893 eum
668 834 883 913 inscriptione
889 852 969 913 gen·
1024 827 1117 887 ΚΑΙ.
1158 818 1557 889 ΑΤΤΟΚΡΑΤΟΡΟΣ.
1601 821 1762 887 ΚΑΙΣΑ·

223 938 307 997 tium
333 934 404 997 LX.
421 954 575 1007 numero,
598 946 632 995 et
652 937 800 1015 imagine
818 934 967 1013 singulu-
1026 916 1499 990 ΡΟΣ.ΘΕΩ.ΤΙΩ.·ΘΕΩ.
1514 918 1760 991 ΣΕΒΑΣΊῺ.

222 1058 313 1113 runt,
336 1040 416 1098 item
437 1036 541 1095 oliam
563 1054 729 1114 magnam.
764 1035 863 1095 Aram
883 1034 966 1095 hane
1023 1032 1115 1112 Ergo
1140 1042 1174 1091 et
1193 1027 1326 1109 Cymoei
1352 1026 1499 1089 habuere
1521 1028 1683 1111 templum
1702 1026 1763 1089 lio·

222 1136 404 1200 dedicatam
418 1136 519 1197 iuisse
535 1138 576 1203 V.
590 1138 625 1199 C.
643 1145 716 1215 744,
736 1135 832 1198 tradit
851 1136 966 1196 Sueto·
1023 1151 1113 1206 mae,
1144 1142 1178 1192 et
1198 1126 1338 1213 A'ug'usti
1361 1128 1466 1193 adhuc
1488 1128 1571 1207 tiri,
1593 1142 1629 1193 et
1650 1130 1685 1191 iu
1705 1128 1776 1193 bes·

100 1274 111 1291 ι
220 1239 294 1301 nius
310 1240 353 1319 ⁰),
372 1234 968 1320 sedDiojambicnnioanteLugdu·
1024 1252 1187 1295 marmore
1202 1230 1337 1314 insuper
1350 1220 1764 1307 ΘΕΟΣΣΕΒΑΣΤΟΣ,

222 1339 255 1400 ni
272 1338 312 1401 ud
327 1359 413 1401 aram
434 1339 573 1422 Augusti
586 1338 704 1401 festum
720 1339 807 1401 diem
821 1338 968 1401 celebra·
1023 1334 1108 1395 utin
1126 1334 1231 1394 numis
1248 1333 1477 1429 Pergamenis,
1507 1333 1704 1417 appelletur.
1727 1332 1763 1397 ΙΙ.

221 1454 289 1503 tum
304 1440 402 1501 docet
417 1436 462 1520 ¹¹).
482 1438 595 1503 Liuius
608 1439 744 1524 insuper
756 1456 900 1503 creatum
919 1462 967 1502 sa·
1023 1435 1186 1498 Praestite
1200 1435 1281 1497 bsee
1304 1436 1434 1519 utrique
1453 1436 1581 1497 numini
1604 1432 1765 1498 venerato

223 1541 392 1607 cerdotem
424 1541 461 1604 C.
485 1540 601 1602 lulium
627 1541 974 1609 Vercondaridubium
1023 1540 1102 1622 ipsis
1120 1528 1218 1601 etisn't
1239 1536 1348 1601 numia
1366 1532 1459 1601 extra
1476 1534 1597 1599 urbem
1611 1536 1699 1601 baud
1715 1534 1764 1601 do·

222 1644 372 1705 Arduum
390 1653 605 1717 memorate).
624 1643 968 1705 hraeNarboneMar-
1023 1640 1079 1702 bie
1102 1638 1187 1703 cusis
1210 1651 1260 1702 est
1281 1637 1479 1723 consignata.
1523 1640 1631 1723 Supra
1650 1626 1693 1703 sd
1718 1660 1767 1703 en·

222 1743 968 1827 tioeroctaememinitetiamepigrapheGru·
1024 1762 1102 1802 num
1128 1742 1168 1807 V.
1189 1740 1225 1803 C.
1247 1741 1311 1817 735
1337 1738 1497 1822 descripsi
1527 1762 1684 1819 numum,
1717 1741 1764 1825 qui

221 1846 344 1910 terianu
360 1844 403 1928 (Ι).
437 1845 647 1940 Quapropter
667 1845 758 1907 licuit
775 1845 896 1909 Oridio
917 1864 968 1909 os·
1024 1842 1159 1905 exhibet
1183 1834 1342 1925 templum
1367 1864 1386 1903 a
1410 1840 1603 1905 COMmuni
1629 1842 1762 1905 ssim

221 1968 303 2011 nere
315 1948 376 2030 „⁰)t
1023 1943 1169 2006 Rosiae
1183 1944 1254 2031 Ejr.
1268 1942 1470 2009 AVGvsro
1482 1960 1642 2009 ereetum.
1665 1946 1762 2008 Nemo

565 2049 698 2131 Templo
718 2049 883 2132 Quirinus
1024 2046 1126 2131 credo
1138 2044 1278 2108 inficiari
1292 2045 1545 2128 solet,-perinde
1561 2066 1600 2109 so
1612 2044 1772 2129 tempium·

288 2150 403 2226 Lt'ber,
431 2164 462 2212 et
488 2152 646 2226 Alcides,
676 2164 710 2211 et
731 2156 825 2214 modo
846 2154 969 2215 Caesar
1024 2149 1068 2219 in,
1086 2132 1155 2231 ipss¹
1181 2147 1257 2210 Asis
1280 2147 1491 2211 coustitutum
1519 2146 1702 2231 indicatur,
1724 2146 1761 2211 ite

564 2254 696 2315 hebent.
810 2288 816 2299 ·
1026 2265 1060 2315 et
1075 2272 1210 2312 numum
1230 2244 1343 2333 ipsum·
1361 2251 1395 2311 in
1416 2248 1494 2312 Asia
1513 2250 1686 2335 signatum.
1709 2250 1762 2311 Er·

224 2352 289 2415 Sed
305 2351 390 2435 quod
408 2371 522 2415 numos
535 2366 726 2436 praesentes
741 2352 875 2435 propius
893 2373 971 2415 eon·
1027 2373 1070 2436 go
1088 2352 1205 2425 ethis,
1230 2349 1271 2413 de
1289 2350 1405 2435 quibus
1427 2354 1571 2434 egimus,
1598 2338 1704 2415 nuntie
1722 2348 1761 2413 di·

224 2455 339 2536 tingit,
365 2454 427 2535 jam
453 2475 549 2536 supra
572 2454 612 2516 ad
643 2476 759 2516 nauum
786 2457 825 2519 V.
843 2456 880 2519 C.
907 2456 970 2538 735
1027 2474 1122 2517 versa
1145 2453 1186 2517 ab
1206 2455 1314 2515 Romu
1338 2454 1408 2537 ipss
1430 2454 1538 2537 patris
1563 2452 1759 2539 inquirenda

222 2557 316 2639 plura
348 2554 440 2617 attnii
471 2555 671 2634 testimonia,
698 2579 760 2639 per
785 2557 968 2636 provincias
1026 2556 1080 2619 111.
1116 2556 1152 2616 Si
1175 2556 1264 2617 numi
1292 2554 1510 2618 bies'sentin
1534 2555 1618 2619 urbe
1647 2554 1761 2640 signati,

223 2658 349 2719 It'ontne
367 2656 462 2718 simul
489 2670 521 2717 et
537 2660 695 2738 Angusto
712 2658 828 2741 passim
847 2660 969 2741 templa
1025 2678 1091 2718 non
1116 2656 1345 2719 abesset'tiui'a
1367 2658 1402 2719 8.
1423 2658 1478 2732 0.,
1509 2676 1593 2742 quae
1616 2656 1652 2719 in
1669 2654 1763 2721 enni·

158 2764 168 2777 “
223 2758 499 2822 fuissedediesta.
521 2758 582 2819 His
604 2758 688 2821 uddo
711 2760 968 2843 inscriptionem,
1025 2757 1136 2820 aeneis
1155 2746 1246 2820 'certi
1271 2758 1440 2822 commotis
1462 2758 1687 2823 Romani-sub
1706 2758 1764 2823 Ae·

224 2882 306 2946 quae
344 2861 509 2944 hodieque
543 2860 665 2943 legitur
690 2863 792 2925 Polae
818 2864 850 2924 in
875 2864 968 2925 Istria
1025 2870 1120 2941 gusto
1146 2858 1233 2922 cusis
1255 2858 1370 2922 abesse
1395 2882 1562 2945 nunquam
1587 2861 1684 2925 solet.
1711 2860 1765 2929 Π.

222 2964 324 3025 fronti
349 2963 476 3026 aedium
499 2962 671 3044 inscriptas
704 2965 875 3028 ROMAE.
898 2968 967 3026 ΕΤ.
1028 2963 1110 3023 Sunt
1128 2980 1169 3022 ex
1188 2960 1294 3024 nantis
1317 2962 1413 3047 hujus
1429 2964 1618 3047 argumenti
1631 2950 1765 3049 compie-

223 3064 446 3130 AVGVSTO.
475 3065 672 3125 CAESARI.
697 3068 800 3132 DIVI.
835 3068 874 3131 F.
899 3069 971 3127 ΡΑ·
1028 3084 1082 3125 res
1103 3063 1261 3126 maximae
1277 3062 1413 3141 formae,
1433 3078 1465 3127 et
1481 3064 1577 3148 hujus
1596 3067 1669 3131 sevi
1686 3064 1767 3129 numi

225 3168 310 3230 ΤΗΙ.
328 3166 522 3225 PATRIAE
543 3163 579 3245 ¹).
608 3168 778 3229 Herodem
795 3160 840 3231 Μ.
857 3169 971 3231 Caesa·
1027 3168 1153 3228 Romae
1175 3165 1292 3249 signati
1313 3167 1394 3228 tanti
1410 3166 1586 3237 voluminis
1605 3180 1767 3245 nunaunt,

229 3287 308 3329 reae
324 3264 527 3328 Palaestinae
543 3264 718 3350 dprhpars
730 3290 766 3329 το
782 3290 834 3350 μεν
849 3268 972 3351 Puppe,
1028 3278 1183 3346 quantum
1208 3281 1314 3330 tamen
1332 3288 1398 3330 non
1415 3270 1510 3353 pauci
1528 3270 1562 3331 iu
1577 3270 1766 3355 Hispanieis.

227 3391 262 3429 το
282 3360 319 3428 ds
335 3368 494 3443 Καισαρος
513 3368 734 3445 constituisse,
752 3370 906 3453 perhibet
920 3371 970 3431 Fi.
1027 3370 1164 3454 aliisque
1184 3370 1322 3434 coloniis
1340 3372 1488 3454 percussi
1506 3372 1710 3457 praeierunt.
1729 3372 1768 3441 V·

228 3469 386 3552 Iosephus
400 3469 441 3548 s).
465 3471 689 3554 Insignoiilud
701 3472 868 3555 templum,
885 3472 973 3565 quod
1029 3473 1245 3536 Paucissimos
1277 3473 1434 3537 habemus
1461 3486 1585 3539 numos*
1606 3476 1769 3541 sene'osl.

225 3572 427 3655 Mylasenses
454 3573 566 3637 Cariae
590 3587 801 3650 exstruxere,
828 3587 862 3636 et
880 3570 971 3656 eujiis
1029 3572 1155 3636 formae
1175 3576 1343 3639 commatis
1363 3578 1421 3653 R..
1446 3574 1481 3637 in
1506 3598 1650 3661 quorum
1672 3575 1772 3641 mrim

226 3675 377 3759 epistylio
398 3674 431 3735 in
452 3677 538 3739 hune
562 3675 648 3741 diem
673 3676 864 3758 inscriptum
890 3677 971 3758 legi·
1028 3677 1290 3758 scriptumesset
1307 3678 1446 3761 Augusti
1461 3664 1569 3743 adhue
1584 3680 1652 3745 vivi
1668 3692 1768 3765 ceput,

227 3793 299 3840 tur:
335 3776 373 3837 Ο.
403 3770 585 3839 ΔΗΜΟΣ.
621 3772 969 3842 ΑΤΤΟΚΡΑΤΟΡΙ.
1029 3776 1071 3838 de
1097 3798 1161 3861 quo
1188 3801 1264 3843 mox
1286 3792 1402 3864 agetur
1425 3781 1523 3847 inira.
1565 3780 1671 3846 Nullo
1692 3788 1779 3867 eigo

226 3873 435 3940 ΚΑΙΣΑΡΙ.
486 3873 624 3942 ΘΕΟΤ.
671 3875 789 3943 ΤΙΩΙ.
830 3874 971 3941 ΣΕΒΑ-
1027 3893 1123 3961 preto
1147 3881 1346 3960 verisimile,
1372 3884 1574 3947 monetarios
1593 3883 1628 3947 in
1653 3872 1772 3949 tertiu-

226 3978 364 4043 ΣΤΩΙ.
382 3977 610 4044 APXIEPEI.
624 3975 971 4046 ΜΕΓΙΣΤΩ.ΚΛῙ.
1028 3980 1078 4043 dis
1099 3981 1133 4042 id
1150 4004 1253 4067 genus
1277 3972 1550 4050 numis'roinisse
1569 3986 1642 4071 ejus
1660 3984 1771 4051 sentis

229 4080 354 4145 ΘΕΑΙ.
378 4075 552 4142 ΡΩΜΗΙ.
568 4077 619 4160 ¹¹),
641 4079 763 4143 virenti
786 4082 899 4167 utique
919 4085 973 4145 ad·
1027 4104 1153 4146 morem
1189 4098 1381 4170 quecunque
1416 4096 1458 4151 ei
1490 4108 1588 4153 eausa
1618 4088 1772 4171 placitum

227 4185 290 4247 huc
304 4185 469 4266 Augusto,
490 4180 588 4265 eique
603 4183 726 4244 sociato
740 4186 864 4246 Romae
881 4186 972 4246 cultu
1026 4184 1219 4269 infringere.
1257 4188 1411 4273 Denique
1440 4190 1499 4257 Vi.
1526 4190 1555 4253 si
1586 4192 1776 4255 consuletur

227 4300 277 4348 est
297 4286 491 4349 dedicatum.
514 4288 550 4345 ln
570 4304 732 4347 marmore
753 4286 869 4367 Cymes
887 4286 973 4349 Aeo·
1028 4308 1142 4351 eorum
1172 4288 1296 4353 fabrica
1331 4291 1418 4373 ipss,
1461 4290 1560 4355 facile
1599 4290 1789 4379 perspiciet·-

264 4510 461 4578 n)1nCinud.
480 4525 541 4572 αἳ.
615 4510 877 4583 b>1.1.lv.§.52.
952 4520 984 4589 c)
1000 4512 1028 4568 in
1040 4514 1169 4591 Epitom.
1182 4514 1287 4579 ΒΑΜ.
1361 4514 1558 4591 (Dm-2²9·
1588 4526 1593 4535 '
1632 4518 1780 4589 enm.

227 4597 320 4655 ΜΗ.
338 4600 374 4656 el.
388 4601 468 4658 vm.
485 4622 512 4659 v.
525 4615 568 4663 51.
649 4604 676 4671 ί)
696 4602 813 4658 Poeock
832 4602 971 4680 descript.
986 4606 1100 4664 Orient.
1117 4605 1150 4661 T.
1161 4605 1212 4664 111.
1226 4608 1251 4678 i.
1261 4616 1324 4669 425.
1404 4606 1438 4681 g)
1456 4604 1685 4683 Auriq.1..XV.
1702 4620 1793 4675 ωδ·

231 4688 264 4755 h)
286 4688 419 4744 Chishuli
436 4693 505 4747 Ant.
521 4693 610 4747 Asist.
625 4702 729 4766 pao?-
804 4693 828 4763 i)
847 4693 918 4753 tter.
935 4694 1044 4752 d’Ant.
1059 4698 1093 4753 T.
1104 4696 1140 4754 11.
1154 4716 1184 4773 p.
1198 4706 1258 4769 tto.
1447 4686 1450 4691 .
