4012 5370
751 455 990 539 VXORES
1024 463 1285 547 cndvnlt
1712 488 1789 557 253

233 633 444 717 AEpr'greplte,
466 644 501 698 et
523 639 623 716 eaput
647 631 792 697 Claudii.
830 631 901 696 AB.
925 628 980 698 lli.
1037 646 1177 700 teslstm·
1194 635 1262 700 Dio
1281 635 1311 717 ⁸)
1332 635 1380 718 ¹).
1410 632 1550 697 ttontna
1570 634 1671 701 indita
1692 637 1786 704 luere
1815 714 1816 721 ἵ

231 735 531 816 (ventilarent.)
1040 737 1095 802 ut
1137 735 1358 806 cutwws
1379 735 1680 817 GERMANICVS,
1710 752 1814 805 mox*

296 837 456 901 Coloniae
484 854 605 901 nomen
633 834 801 899 ratioetur.
844 834 895 897 Ea
923 835 982 899 ne·
1038 853 1123 902 anno
1158 825 1201 906 V.
1224 836 1262 903 C.
1289 828 1380 921 7u6,
1417 858 1495 902 cum
1528 841 1614 921 patri
1648 839 1788 906 Claudio

230 939 321 1003 mine
354 937 566 1021 Cytherontis
605 936 713 1012 llviri,
757 935 846 1022 quod
880 937 979 1002 etiam
1038 938 1082 1001 eb
1112 956 1169 1003 res
1208 939 1244 1001 in
1272 938 1441 1002 Britannia
1476 933 1636 1024 prospere
1676 956 1785 1026 gestas

230 1039 264 1103 in
282 1060 384 1103 numo
404 1040 545 1124 Augusti
563 1037 650 1121 apud
667 1037 859 1102 Corinthum
873 1037 979 1121 signa·
1037 1039 1359 1104 Britannicifitnlus
1376 1061 1417 1106 ex
1434 1041 1516 1108 S.C.
1535 1041 1783 1120 decerneretur,

219 1156 265 1206 to
287 1142 453 1218 occurrit,
474 1140 644 1225 probabile
661 1139 716 1218 lit,
737 1138 824 1204 hunc
845 1144 977 1225 qaoque
1036 1139 1126 1205 idem
1150 1160 1272 1205 nomen
1293 1143 1563 1207 communicatum
1588 1145 1684 1206 etiam
1710 1134 1786 1208 oum

227 1243 317 1327 apud
338 1243 478 1307 eandem
499 1242 662 1308 coloniam
683 1242 806 1306 natales
828 1236 904 1305 suos'
926 1255 979 1302 re·
1036 1243 1122 1319 lilio,
1158 1243 1204 1307 aie
1229 1255 1268 1306 nt
1292 1244 1385 1329 quasi
1409 1245 1546 1328 proprio
1567 1266 1627 1309 suo
1648 1245 1782 1311 nomine

228 1347 370 1430 perisse.
1034 1344 1330 1413 Buluttttttcvs
1354 1343 1523 1409 diceretur
1543 1342 1586 1429 b),
1622 1347 1704 1430 Ejus
1728 1363 1784 1412 nes

292 1446 449 1510 Gemmas
466 1442 663 1507 Messalinae
680 1443 813 1507 nomine
829 1441 979 1525 scalptas,
1034 1445 1139 1508 laetae
1161 1443 1277 1524 inere,
1305 1446 1412 1531 quoad
1433 1446 1515 1510 risit
1535 1460 1640 1510 mater
1661 1452 1784 1512 Messa·

222 1561 257 1611 st
283 1561 386 1611 testes
416 1545 544 1608 infamis
580 1545 650 1627 ejus
682 1545 847 1622 libidinis,
880 1558 913 1607 et
943 1545 977 1607 in
1034 1546 1118 1624 lina,
1158 1567 1273 1635 rerum
1304 1550 1364 1613 hac
1395 1545 1498 1616 V.'C.
1527 1552 1586 1614 llos
1621 1547 1783 1632 supplicio

221 1651 338 1735 vulgus
360 1648 511 1733 cognitae
531 1646 645 1712 ridere
663 1661 758 1730 potes
776 1645 976 1728 inCataloge
1035 1647 1182 1727 adiecta,
1221 1661 1256 1713 et
1282 1647 1464 1733 Agrippina
1497 1651 1532 1712 in
1565 1650 1695 1712 Claudii
1725 1635 1783 1714 do·
1825 1660 1827 1663 ’

219 1752 324 1816 musei
351 1749 536 1814 Stoechiani
558 1748 867 1812 aWinolaelmanno
897 1764 975 1809 eon·
1032 1772 1120 1814 mum
1140 1749 1272 1815 inducta
1290 1763 1494 1816 retroversa
1510 1750 1616 1813 omnis
1639 1750 1781 1830 fortuna,
1824 1782 1830 1788 ·

220 1852 331 1937 scripti
353 1872 425 1936 pag.
439 1852 511 1928 laad.
529 1859 603 1929 iti.
1033 1867 1066 1918 et
1086 1852 1235 1935 imperii,
1267 1853 1305 1915 ad
1333 1851 1421 1936 quod
1449 1872 1511 1937 per
1535 1852 1659 1915 natales
1681 1851 1783 1914 desti·

1032 1968 1125 2016 natus
1158 1953 1296 2024 luerat,·
1320 1952 1524 2036 adipiscendi
1559 1974 1645 2036 spes.
1698 1956 1781 2016 Nam

1033 2058 1103 2138 ejus
1127 2053 1249 2117 artibus
1273 2052 1445 2130 effectum,
1472 2069 1508 2116 nt
1529 2053 1614 2116 lilius
1637 2054 1696 2119 Cn.
1713 2055 1781 2117 Do·

1031 2157 1204 2218 mitius-in
1235 2155 1408 2236 Caesarum
1444 2155 1576 2218 domum
1609 2154 1780 2240 adoptatus

284 2266 437 2354 Demptis
465 2263 603 2332 laudatis
633 2261 882 2340 Alexandrinis,
917 2260 973 2346 qui
1031 2256 1117 2318 filins
1140 2257 1295 2340 Augusti,
1323 2269 1356 2318 et
1379 2256 1571 2340 desponsata
1591 2258 1720 2320 'Claudii
1743 2257 1781 2319 ss·

225 2385 298 2433 sunt
319 2373 420 2446 llari,
443 2365 576 2450 reliqui,
599 2365 776 2449 praecipue
797 2387 871 2430 eum
892 2364 974 2427 inte·
1030 2358 1073 2420 lia
1093 2357 1230 2421 Octavia
1247 2376 1352 2441 gener
1368 2379 1431 2421 una
1446 2356 1624 2423 diceretur.
1647 2358 1779 2422 Euhoe

224 2470 388 2553 grisam,
410 2465 950 2549 RRR.calculumprome1-entur.
1030 2472 1160 2542 spretus
1186 2455 1290 2520 indies
1317 2459 1420 2542 magis
1445 2447 1649 2523 Britannicus
1681 2459 1775 2522 triste
1851 2494 1852 2497 κ

1029 2560 1145 2623 habuit
1163 2560 1293 2622 futurae
1314 2558 1465 2623 fortunae
1484 2560 1709 2645 praesagium,
1731 2560 1780 2622 ni·

236 2705 240 2710 “
306 2688 424 2754 Liberi
444 2689 597 2765 Claudii,
619 2697 653 2748 et
670 2685 886 2748 Messalinae.
1029 2659 1282 2745 hilqueprofuit
1296 2681 1410 2724 verm
1426 2663 1569 2744 ΡΜθηῑίε
1585 2683 1691 2738 “mm't
1711 2682 1777 2746 ‘1¹²⁰

1028 2763 1228 2848 Agrippinae
1246 2761 1470 2846 impotentiam
1489 2776 1660 2845 pertaesus
1677 2765 1778 2826 oolla·

464 2855 531 2918 00
543 2854 573 2914 T
574 2854 613 2915 A
621 2856 657 2915 V
659 2853 683 2912 Ῑ
687 2853 734 2917 Α·
1030 2885 1124 2947 ptum
1147 2862 1256 2926 denuo
1277 2862 1380 2924 lilium
1402 2863 1548 2946 respexit
1567 2868 1618 2945 ο);
1647 2885 1720 2926 narn
1743 2863 1779 2925 id·

288 2975 341 3037 De
365 2973 446 3049 hac,
476 2973 612 3056 ejusque
634 2969 740 3032 nuruis
762 2984 877 3054 agetur
899 2982 974 3055 post
1030 2966 1136 3050 ipsum
1153 2965 1289 3029 Claudio
1306 2984 1436 3050 quoqne
1454 2962 1551 3026 fatale
1565 2962 1641 3041 luit,
1662 2965 1780 3049 Agrip·

225 3079 412 3152 Heronem,
435 3074 526 3157 cujus
546 3093 584 3136 ea
605 3069 776 3140 exorfuit.
1030 3067 1124 3152 pina,
1155 3087 1237 3152 quae
1258 3064 1346 3129 istud
1367 3065 1564 3150 praesensit,
1585 3085 1627 3128 ne
1650 3086 1779 3129 succes·
1847 3105 1859 3124 .

1032 3169 1130 3233 sionis
1162 3187 1220 3250 spe
1256 3165 1493 3230 excluderetur
1519 3166 1629 3244 Nero,
1670 3167 1778 3231 mariti

396 3260 539 3323 BRIT
539 3257 621 3321 ΑΝ
626 3254 663 3320 Ν
667 3258 690 3320 Ι
695 3260 722 3321 (7
730 3258 765 3320 V
771 3255 804 3317 S·
1030 3284 1171 3332 mortem
1207 3269 1424 3334 accelerante.
1468 3268 1592 3331 Alteris
1628 3269 1779 3352 Agrippi·

290 3382 391 3444 lt'atus
416 3377 603 3463 pauentibus
631 3372 768 3454 Claudio
792 3387 828 3436 et
851 3375 972 3435 Messa·
1030 3392 1091 3434 nae
1121 3369 1242 3432 artibus
1277 3369 1416 3453 imperio
1445 3370 1567 3452 potitus
1591 3370 1684 3447 Nero
1715 3370 1777 3434 fra«

223 3486 291 3546 lina
313 3484 355 3547 V.
372 3483 409 3546 C.
431 3484 494 3567 795
524 3478 661 3543 Claudio
687 3481 726 3542 ll.
755 3475 909 3572 consule,
937 3488 972 3536 ut
1032 3486 1132 3547 trem,
1167 3491 1264 3556 quem
1286 3492 1385 3534 unum
1407 3489 1504 3535 verso
1526 3467 1641 3552 populi
1663 3491 1775 3532 amore

444 2053 739 2161 'pruriant

219 3708 1763 3746 ...----------—-------·---

259 3913 508 3985 atLLX.§.12.
583 3908 864 3984 b)Diol.c.§.22.
940 3909 969 3976 c)
991 3906 1070 3962 snut.
1086 3904 1115 3960 iu
1132 3884 1421 3971 Claud-e'dfflbio
1438 3897 1591 3968 l.e.§.3lt.

256 4091 291 4141 ‘l
310 4084 418 4142 Natum
440 4085 469 4137 in
492 4080 648 4138 consulatu
671 4080 788 4137 Claudii
808 4078 861 4142 IL,
886 4075 1042 4133 confirmat
1057 4073 1145 4130 ctiam
1164 4070 1320 4128 Suetonius
1348 4069 1392 4141 (in
1410 4066 1515 4124 Claud.
1534 4071 1646 4141 etz),
1670 4086 1770 4123 remim

279 4153 379 4251 ¹quod
396 4172 439 4227 ibi
455 4170 553 4237 addit,
576 4173 714 4245 vigesimo
729 4170 845 4242 imperii
865 4169 928 4230 die,
954 4163 1035 4222 istud
1054 4163 1135 4222 lastis
1159 4159 1280 4216 omnino
1300 4170 1464 4234 repugnat,
1490 4175 1558 4212 narn
1575 4155 1636 4213 XX.
1654 4156 1775 4232 imperii

296 4265 359 4320 dies
381 4262 487 4319 incidit
507 4264 536 4318 in
557 4258 752 4318 Februarium
773 4257 808 4314 V.
824 4257 858 4313 C.
872 4266 941 4327 794,
967 4266 996 4309 et
1015 4253 1089 4310 alter
1108 4254 1171 4326 ejus
1192 4248 1361 4307 consulatus
1379 4246 1468 4305 initus
1488 4243 1770 4318 estllal.1an.795.

299 4350 386 4422 Quod
404 4352 427 4407 si
445 4353 508 4425 ejus
523 4351 687 4407 sentcntiae
705 4366 773 4424 pars
789 4347 880 4401 altera
895 4363 964 4400 vera
980 4355 1039 4410 cst,
1060 4353 1204 4418 natusque
1220 4336 1405 4423 Britannicus
1420 4334 1482 4391 XX.
1498 4334 1614 4410 imperii
1631 4329 1696 4402 die,
1720 4353 1769 4390 ne-

300 4461 384 4498 cesse
400 4454 445 4498 est
461 4461 528 4498 eum
542 4452 642 4496 natum
656 4439 692 4500 V.
703 4438 738 4494 C.
751 4448 805 4508 794
822 4434 918 4510 pridie
935 4433 973 4490 id.
984 4436 1006 4488 F
1010 4431 1089 4496 abr,
1110 4449 1144 4486 ac
1158 4442 1219 4486 turn
1239 4427 1331 4502 magis
1347 4422 1487 4483 Suetonio
1501 4442 1568 4480 eum
1581 4422 1684 4481 Tacito
1699 4441 1768 4480 eon·
1843 4457 1849 4470 ·

298 4529 411 4600 reniet,
426 4532 476 4608 qni
494 4529 641 4607 principio
658 4528 725 4584 anni
740 4535 793 4590 808
810 4523 932 4589 scribit,
947 4521 1148 4598 propinquum
1167 4518 1256 4574 luisse
1271 4515 1366 4583 diem,
1382 4533 1442 4591 quo
1457 4512 1642 4569 Britannicus
1657 4531 1767 4568 annum

297 4622 400 4677 aetatis
417 4620 494 4677 xlv.
509 4618 646 4697 explebat
671 4613 821 4689 (Anu-Al.
838 4619 911 4685 tt).
937 4613 1019 4689 quod
1038 4621 1139 4668 rtrum
1162 4625 1225 4663 esse
1247 4607 1363 4681 nequit,
1389 4603 1415 4659 si
1436 4613 1521 4658 natus
1541 4611 1585 4657 est
1601 4597 1638 4658 V.
1653 4602 1687 4659 C.
1704 4613 1766 4679 795.

300 4711 430 4767 Consule
448 4712 535 4766 stiam
554 4709 744 4765 infrenatam
762 4704 801 4760 ad
816 4703 957 4779 synopsin
973 4704 1048 4758 ritae
1066 4699 1209 4762 Neronis,
1229 4708 1258 4752 et
1275 4692 1426 4752 Octaviae.
