4012 5370
221 441 294 510 320
777 408 1207 492 vastaslattvs.
1249 450 1252 455 ⁴

221 593 342 668 ximus,
380 589 434 653 hin
456 601 529 653 aute
562 585 650 650 diem
673 586 744 650 XX.
771 585 965 681 Idaeambris
1024 584 1079 647 dio
1095 596 1293 668 eompetnnt,
1315 594 1349 646 et
1360 600 1436 646 raro
1448 581 1483 643 in
1500 582 1696 666 Vespasiani
1708 606 1764 650 na·

223 714 336 758 caesus
360 710 426 752 oon
450 701 516 765 est,
544 702 578 752 et
597 687 660 751 hoe
684 708 795 750 rerum
819 689 965 770 p‘otiente
1025 688 1085 749 mis
1109 687 1302 748 tribuniciae
1334 684 1502 768 potestatis
1529 705 1688 749 numeres
1714 708 1766 752 ex·

224 794 297 857 iieri
321 792 434 875 utique
459 810 527 852 non
553 787 676 871 potuit,
704 804 738 850 ut
761 788 968 872 Vespasiani,
1027 788 1189 871 primitur.
1207 787 1396 855 Verisimile
1411 800 1471 862 est,
1492 786 1532 848 ad
1545 786 1635 849 hune
1652 809 1764 851 annum

223 894 286 959 etsi
315 912 377 975 per
408 890 592 975 provincias
615 890 715 972 agniti
742 890 969 972 imperatoris,
1025 887 1194 970 pertinere
1219 890 1408 972 complures
1433 906 1475 949 sa
1500 887 1543 948 iis
1564 888 1692 965 muris,
1714 889 1766 975 qai

223 1008 320 1077 eaput
343 1006 493 1055 monetas
519 990 609 1054 urbia
631 991 842 1053 insereretur.
874 990 967 1052 Resi-
1025 989 1152 1053 omissis
1176 988 1276 1051 titulis
1293 986 1463 1071 pontificis
1484 990 1647 1067 maximi,
1668 1002 1767 1072 etpa-

222 1096 280 1159 dui
304 1095 374 1159 dies
405 1095 460 1158 vix
486 1091 676 1154 suffecerint
702 1089 881 1154 formandis
903 1114 966 1154 ma-
1024 1093 1087 1151 tris
1105 1093 1255 1170 patriae,
1286 1108 1367 1173 quos
1385 1108 1451 1151 non
1475 1087 1610 1152 ridetur
1633 1090 1696 1154 nisi
1707 1093 1768 1156 Re·

221 1196 358 1261 trieibns
383 1214 486 1257 norae
513 1191 703 1274 Vespasiani
724 1203 875 1254 monetae
902 1211 970 1254 ser·
1028 1211 1111 1253 mam
1142 1188 1248 1257 redux
1281 1188 1470 1273 adoptasse,
1498 1190 1697 1273 simpliciter
1724 1192 1768 1257 in-

224 1298 349 1363 vituris.
388 1296 432 1356 Et
454 1313 571 1357 revera
593 1292 702 1353 nullus
726 1305 829 1354 exstat
848 1293 971 1374 Vespa·
1028 1293 1183 1377 seriptum
1200 1291 1338 1354 habent:

227 1400 309 1461 siani
337 1416 470 1469 numus,
510 1392 566 1476 qui
583 1412 644 1475 per
664 1392 776 1453 titulos
798 1389 971 1476 inscriptos
1170 1390 1769 1464 luP.cattsa1t.vttsPAststwe.

86 1572 91 1580 ¹
222 1497 302 1560 huie
328 1508 450 1559 tantum
476 1515 560 1558 anno
587 1493 774 1555 necessario
794 1507 971 1576 competat,
1169 1493 1273 1562 AVG.
1293 1494 1367 1556 vols
1449 1538 1452 1543 .

224 1616 333 1682 neque
353 1596 456 1678 pessit
473 1595 508 1655 iu
529 1615 647 1656 annum
664 1593 813 1678 proxime
835 1615 973 1679 sequen·
1170 1597 1258 1657 mr.
1288 1594 1411 1661 cAEs.
1434 1596 1560 1666 VESP.
1589 1598 1694 1669 AVG.
1721 1610 1773 1663 ast

227 1711 296 1761 tem
314 1696 452 1761 differri.
493 1699 619 1758 luteres
639 1714 680 1758 ex
695 1695 834 1759 residuis
850 1697 973 1780 Vespa·
1171 1696 1330 1759 similiter.

226 1800 309 1864 siani
339 1799 447 1860 aureis
480 1795 709 1879 argenteisque
740 1797 845 1861 numia
876 1810 973 1860 erunt
1030 1797 1185 1860 Ceterum
1211 1796 1377 1874 existimo,
1401 1810 1473 1860 tute
1490 1797 1532 1860 sd
1546 1799 1639 1861 ltttne
1660 1817 1773 1861 anst!

222 1922 291 1967 nou
312 1900 425 1983 pauei,
451 1899 507 1981 qui
531 1898 596 1961 hoe
618 1897 724 1960 adhue
743 1919 828 1963 anno
848 1899 972 1963 fuerint
1029 1899 1152 1963 referri
1167 1916 1265 1982 posse
1280 1912 1457 1982 sequentes
1476 1912 1613 1962 numns's

227 2003 365 2087 signati,
400 1998 555 2061 nimirum
582 2012 674 2063 extra
701 2000 828 2064 urbem.
879 2001 973 2065 Taei·
1170 1999 1770 2071 mereamanxtast’astatt'ts.

223 2119 293 2176 tus,
321 2102 378 2163 ubi
396 2100 515 2184 primas
531 2098 612 2162 belli
628 2099 783 2165 adversus
801 2101 971 2169 Vitellium
1168 2100 1271 2165 AVG.
1282 2103 1351 2162 ΤΒ.
1368 2102 1407 2166 P.
1429 2102 1537 2181 Caput
1553 2100 1754 2167 laurearum.

226 2225 245 2268 a
283 2202 484 2286 Vespasiano
521 2202 665 2285 suseepti
705 2223 799 2266 euros
841 2222 974 2266 enum·
1032 2201 1173 2268 TITVS.
1189 2203 1260 2267 E'l'.
1281 2201 1514 2265 romualt.
1535 2200 1772 2269 cansam

224 2316 276 2367 rat
297 2305 348 2383 ⁸),
390 2303 477 2364 inter
508 2302 655 2385 reliquos
683 2316 854 2385 apparatus
885 2324 975 2367 eom·
1030 2304 1144 2367 Pttttt.
1161 2304 1278 2370 IVEN.
1299 2304 1379 2386 (sie)
1394 2304 1429 2365 in
1445 2303 1530 2367 alios
1551 2304 1669 2371 emti.
1688 2302 1772 2373 ΠΝ.

228 2416 390 2466 memorat
410 2403 525 2465 etiams
553 2406 642 2484 opud
654 2405 898 2466 Antiochenses
915 2426 975 2466 au·
1033 2406 1114 2487 (sic)
1143 2408 1286 2484 Vterque
1303 2408 1426 2468 Caesar
1443 2406 1498 2468 vel
1513 2412 1552 2468 t‘n'
1572 2408 1656 2469 eitt‘a
1669 2406 1773 2484 equis,

228 2526 302 2567 rum
323 2517 560 2585 argentumque
574 2505 737 2584 signatur.
761 2503 912 2581 Constat,
933 2503 975 2567 ad
1032 2506 1197 2568 velselloe
1209 2508 1319 2568 curuli
1333 2508 1491 2583 insidens,
1507 2508 1694 2571 dramm-
1705 2505 1772 2574 AV.

228 2605 444 2688 imperatores
470 2601 667 2687 pertinuisse
691 2603 819 2687 signare
839 2626 974 2683 aurum,
1033 2606 1104 2667 An.
1123 2608 1221 2687 (Mus.
1239 2606 1348 2687 Caes.)

228 2719 263 2770 et
277 2717 463 2788 argentum,
484 2703 531 2767 uti
552 2723 607 2766 aes
627 2702 668 2767 ad
686 2718 840 2768 senatum.
864 2708 975 2801 Quare
1098 2707 1149 2766 Ex
1166 2706 1274 2770 laxata
1293 2705 1535 2789 orthographia,
1552 2708 1681 2791 aesipto
1694 2726 1780 2771 neu·

230 2819 506 2881 natumnatum,
537 2819 572 2866 et
587 2820 759 2888 argentum
780 2807 895 2870 Tacito
912 2829 980 2872 me·
1035 2827 1078 2889 pe
1095 2808 1211 2874 ΝΕΝ.
1231 2808 1285 2872 vel
1309 2808 1396 2873 IVN.
1417 2827 1480 2890 pro
1495 2809 1651 2877 IVVEN.
1672 2805 1782 2877 verisi-

230 2921 391 2986 moratur,
419 2908 453 2969 in
471 2905 557 2990 quod
576 2920 697 2969 tantum
716 2909 765 2990 jus
778 2908 978 2991 Vespasiano
1038 2908 1115 2970 mile
1143 2906 1199 2984 fit,
1228 2909 1289 2971 hos
1318 2928 1434 2972 names
1457 2929 1532 2973 esse
1553 2910 1679 2988 exiis,
1705 2926 1781 2995 qnos

230 3011 301 3087 fuit,
326 3010 446 3071 omisso
474 3027 570 3084 aere,
601 3007 641 3070 ad
670 3008 757 3092 quod
789 3010 980 3093 signandum
1039 3008 1230 3072 Antiochiae
1259 3008 1319 3071 sub
1347 3011 1539 3093 Vespasiani
1569 3010 1663 3075 initia
1684 3012 1783 3097 signa·

233 3110 394 3174 secedere
419 3108 530 3170 debuit
558 3121 686 3170 senatus
712 3112 898 3187 auctoritas,
922 3115 980 3175 sed
1038 3123 1089 3172 tos
1116 3109 1201 3185 dixi,
1230 3108 1417 3172 fallentibus
1447 3130 1510 3194 per
1538 3112 1780 3176 festinationem

233 3210 287 3294 qui
305 3210 369 3272 hoe
387 3207 590 3271 annoadhue
613 3208 645 3268 in
671 3224 831 3292 potestate
854 3212 981 3277 Vitellii
1041 3210 1109 3292 ejus
1144 3209 1235 3272 urbis
1264 3211 1471 3289 monetariis,
1511 3213 1619 3296 iisque
1648 3214 1782 3279 Latinae

234 3310 305 3373 fuit.
352 3309 404 3369 Ex
427 3329 490 3391 quo
517 3309 746 3392 consequitur,
775 3313 983 3395 quemadmn·
1040 3312 1171 3396 linguae
1196 3312 1300 3374 minus
1327 3313 1459 3395 peritis,
1489 3336 1675 3403 quanquam
1699 3314 1783 3400 prie-

235 3411 310 3474 dum
341 3423 428 3474 eerta
460 3409 595 3472 historia
624 3410 745 3489 refert,
785 3408 886 3475 inisse
916 3414 980 3478 hoe
1038 3414 1084 3475 ria
1113 3412 1202 3500 modi
1230 3415 1346 3478 altiore
1366 3414 1462 3478 etiam
1484 3437 1570 3485 aeto
1594 3416 1714 3483 sidere
1737 3430 1785 3481 est

237 3515 300 3597 jam
327 3533 410 3576 anno
434 3512 576 3594 signatos
600 3532 718 3576 aureos
741 3528 979 3599 argenteosque
1040 3518 1205 3598 exempla,
1242 3535 1326 3598 quae
1365 3515 1513 3582 dedimus
1549 3519 1726 3584 volumine
1743 3518 1782 3587 V.

238 3613 429 3697 Vespasiani
470 3634 603 3690 numos,
638 3613 698 3677 sed
731 3629 822 3677 extra
847 3616 980 3693 urbem,
1038 3613 1198 3697 perdet
1214 3616 1385 3701 ahmein
1402 3631 1436 3682 et
1451 3620 1485 3680 in
1499 3619 1638 3685 lucerna
1651 3621 1783 3695 infler·

237 3716 280 3778 ita
312 3736 353 3776 ex
381 3734 490 3777 rerum
520 3727 683 3798 gestarum
713 3714 828 3779 ordine
855 3732 981 3780 eertum
1039 3717 1145 3780 nolani
1169 3717 1272 3780 ruinis
1286 3731 1418 3803 reperta
1434 3719 1558 3803 legitur
1571 3720 1783 3808 NOVHpre

238 3817 335 3879 etiam
360 3833 448 3887 esse,
474 3808 593 3877 aenens
619 3829 696 3878 nota
724 3816 756 3878 S.
773 3819 809 3883 C.
837 3817 981 3901 insignes
1037 3820 1200 3886 Novvtt
1214 3815 1259 3899 ¹³).
1308 3815 1475 3905 Atque-ut
1495 3822 1718 3907 Vespasianus
1736 3823 1784 3887 bi·

237 3918 312 3978 huic
330 3937 412 3977 anno
430 3913 526 3998 adfigi
544 3935 609 3977 non
632 3938 738 3999 posse.
1038 3939 1098 3981 nos
1114 3939 1190 3982 suos
1205 3920 1290 3983 iiiios
1306 3922 1400 4003 jussit
1414 3922 1517 3985 inseri
1531 3940 1696 4005 mansue,
1712 3946 1783 3993 οω-

301 4014 454 4097 Aiebam,
483 4015 543 4076 etsi
564 4015 629 4078 hoe
649 4038 733 4080 anno
760 4018 829 4081 nusi
847 4017 981 4082 fuerunt
1040 4042 1102 4106 qne
1125 4020 1303 4086 insidentes
1325 4024 1434 4109 equis,
1471 4024 1521 4089 sie
1549 4026 1703 4106 endam,
1733 4046 1786 4093 se·

240 4118 328 4181 nami
349 4117 455 4192 aurei,
486 4131 519 4178 et
539 4117 704 4198 argentei,
734 4131 840 4181 tamen
865 4120 980 4183 deesse
1041 4124 1181 4185 eundum
1211 4124 1276 4189 lane
1298 4126 1484 4210 exemplum
1505 4126 1785 4195 Antieehnle'.

240 4220 335 4283 nobis
363 4232 452 4281 certa
483 4238 596 4280 eorum
635 4219 776 4281 criteria.
822 4220 886 4311 Qui
912 4224 981 4287 ΤΗ.
1040 4224 1165 4289 vioinse
1181 4226 1417 4311 Commagenes
1437 4240 1508 4291 tum
1528 4248 1647 4314 regem
1664 4242 1785 4293 atun-

241 4323 276 4383 P.
296 4320 442 4395 addunt,
470 4320 566 4382 etiam
594 4319 684 4383 anni·
699 4320 864 4403 sequentis
890 4322 983 4387 dimi.
1040 4347 1103 4410 qus
1128 4349 1221 4391 suam
1243 4328 1346 4391 iiiium
1369 4330 1463 4417 equis
1484 4329 1565 4395 item
1588 4330 1786 4398 insidentem

280 4635 311 4706 a)
332 4632 405 4692 ilist.
418 4634 452 4690 tt.
469 4643 511 4696 θ’..
586 4631 620 4704 b)
640 4629 773 4687 Lucerne
790 4629 917 4691 d’Ercol.
935 4632 1054 4696 talnvl.
