4012 5370
857 440 1179 518 TRAIANVS.

233 615 300 678 bris
319 611 443 699 figenti.
475 613 694 698 Argumenta,
721 626 757 677 at
776 612 837 690 ait,
860 612 978 676 invicta

232 717 314 801 petit
330 720 354 781 I.
374 737 415 778 ex
432 715 630 800 panegyrico
645 715 746 778 Plinii
763 716 850 779 diem
863 718 978 783 XVIII.

233 818 439 901 Septembris
468 820 597 902 triplici
619 822 744 900 gaudio
774 819 902 882 loetum
926 816 981 879 ad·

234 920 373 985 serentis
390 931 433 995 ⁸),
453 923 511 997 qui
525 923 706 1001 principem
723 921 865 983 obstulit
876 922 980 1002 pessi·

234 1044 322 1085 mum
371 1021 623 1104 (Domitianum)
669 1024 760 1084 dedit
802 1026 979 1106 optimum,

235 1128 409 1205 (Nervam)
426 1125 591 1184 meliorem
608 1127 731 1205 optimo
742 1126 871 1204 genuit,
885 1127 981 1206 (Pra-

232 1229 357 1311 janum)
390 1245 454 1309 quo
483 1223 553 1286 solo
584 1223 743 1289 vocabulo
770 1230 889 1307 genuit
916 1225 982 1286 Pli-

232 1328 469 1412 nius·indicare
486 1327 605 1403 voluit,
634 1341 669 1389 ut
690 1327 851 1391 existimat
869 1328 980 1391 Belle·

232 1454 311 1515 yos,
348 1444 381 1493 et
414 1431 553 1492 natalem
587 1431 735 1512 TrajanI,
772 1445 804 1493 et
839 1431 977 1493 natalem

231 1533 429 1617 adoptionis,
461 1553 519 1593 seu
548 1532 688 1614 imperii.
731 1534 769 1591 II.
797 1533 848 1592 Ex
878 1554 978 1595 numo

233 1637 366 1718 Trajani
401 1635 485 1717 apud
521 1633 642 1695 Gabala
680 1633 792 1715 Syriae
831 1634 976 1717 signato,

231 1761 329 1822 quem
348 1738 450 1800 edidit
469 1736 652 1798 Frdlichius
675 1732 725 1814 ι)),
749 1748 783 1797 ct
806 1737 861 1818 qui
884 1759 978 1820 prae·

230 1853 283 1903 ter
306 1863 425 1903 annum
442 1838 586 1921 epochae
605 1834 633 1896 Γ
635 1834 717 1899 ΜΡ.
737 1838 910 1917 Traianum
930 1839 977 1900 di·

230 1943 291 2006 cit:
318 1940 421 2008 NCP.
442 1942 563 2002 KAIC.
582 1935 833 2003 TPAIANOC.
854 1937 976 2023 absque

229 2045 368 2128 Augusti
397 2042 500 2107 titulo.
541 2039 658 2135 Coepit
685 2042 810 2122 epocha
838 2039 976 2104 Gabalo-

228 2169 301 2208 rum
320 2147 353 2205 in
372 2159 524 2207 autumno
541 2146 580 2210 V.
598 2145 633 2203 C.
652 2162 731 2222 707,
760 2163 840 2224 ergo
857 2163 974 2205 numus

227 2250 280 2310 hic
306 2249 447 2330 signatus
472 2259 521 2307 cst
544 2245 584 2306 ab
606 2258 759 2306 autumno
780 2245 821 2310 V.
840 2247 874 2306 C.
898 2247 973 2328 ssdq.

226 2351 307 2412 Cum
335 2370 415 2414 sero
444 2348 600 2429 Traianus
630 2349 663 2406 in
692 2347 754 2408 boc
782 2368 880 2409 numo
910 2348 974 2428 jam

226 2452 354 2514 dicatur
371 2456 507 2525 Cacsar,
533 2469 667 2512 neccsse
687 2463 745 2524 est,
764 2471 839 2512 eum
859 2471 973 2512 cusum

226 2554 328 2616 luisse
355 2568 427 2616 ante
457 2565 642 2613 autumnum
672 2554 711 2617 V.
734 2553 770 2614 C.
795 2554 876 2629 850,
907 2574 972 2637 quo

225 2659 290 2739 jam
330 2656 439 2737 coepit
481 2676 581 2714 annus
622 2652 819 2714 Gabalorum
859 2652 972 2719 AMP.

224 2758 370 2819 Nuncius
397 2756 495 2838 igitur
523 2754 664 2836 adoptati
692 2754 745 2816 die
772 2755 887 2836 XYIII.
912 2755 970 2817 Se·

224 2860 385 2944 ptembris
409 2858 538 2939 'l'rajani
559 2857 644 2918 circa
666 2856 763 2917 linem
781 2856 934 2918 Octobris
954 2880 972 2920 a

226 2961 403 3023 Gabalenis
427 2975 474 3021 est
502 2973 670 3040 acceptus,
696 2980 732 3020 ac
757 2959 911 3020 continuo
933 2959 983 3020 si,

225 3078 341 3147 gnatus
354 3065 406 3125 hic
419 3085 545 3138 sunaus,
559 3075 728 3143 antequam
744 3082 843 3123 annus
856 3059 885 3122 Γ
886 3058 969 3127 MP.

226 3168 433 3250 exspirasset.

286 3273 336 3331 An
368 3290 408 3329 ex
431 3266 540 3328 verbis
563 3264 661 3325 PlinIi
684 3263 815 3345 adoptio
839 3263 970 3345 Trajani

224 3374 264 3436 ad
296 3373 384 3433 diem
414 3371 529 3433 thtt.
553 3366 756 3450 Septembris
786 3366 905 3428 invicte
934 3366 970 3425 ti·

223 3491 338 3560 gutur,
373 3475 460 3550 (nam
487 3469 575 3531 aliud
603 3483 774 3550 praeterea
799 3489 970 3552 argumen-

223 3591 292 3639 tum
316 3576 440 3636 nullum
466 3574 572 3635 adsert
594 3572 765 3652 Belleyus)
787 3571 859 3653 jure
879 3571 969 3632 dubi·

222 3695 294 3741 tare
317 3678 424 3739 liceat.
456 3677 580 3736 Eorum
605 3694 735 3736 sensum
757 3674 784 3733 si
806 3673 969 3756 expenda-

223 3802 313 3855 mus,
350 3777 555 3840 manifestum
586 3777 639 3852 Iit,
677 3789 842 3837 oratorem
873 3795 968 3837 roca·

222 3885 301 3945 bulo
318 3886 434 3963 genuit
452 3878 591 3958 intelligi
608 3876 749 3938 voluisse
768 3877 899 3957 Trajani
914 3899 968 3941 na·

221 3988 339 4059 talem,
369 4004 441 4045 eum
466 3995 590 4043 certum
614 3980 670 4054 sit,
702 3978 876 4059 'frojanam
903 3980 967 4042 hoo

220 4087 403 4150 dianetum
423 4083 533 4145 luisse.
558 4084 608 4141 An
623 4103 685 4142 una
710 4080 968 4163 comprehende·

221 4191 264 4251 rit
282 4190 422 4251 natalem
444 4183 642 4266 adoptionis,
668 4204 766 4265 grave
785 4202 826 4244 ex
848 4203 889 4243 eo
909 4181 966 4242 du·

222 4291 329 4366 bium,
360 4287 448 4374 quod
474 4301 542 4348 tum
568 4286 637 4346 dics
662 4286 719 4347 ille
748 4305 813 4345 non
840 4283 968 4364 triplici

217 4396 347 4473 gaudio
366 4393 492 4464 laetus,
509 4387 566 4449 sed
584 4388 793 4469 quadruplici
809 4383 966 4447 dicendus

219 4496 353 4570 luisset,
379 4491 466 4576 quod
491 4511 567 4553 sanc
592 4509 657 4550 non
681 4487 882 4570 neglexisset
902 4486 966 4547 Pli-

1716 469 1788 544 lt55

1036 613 1109 676 nius
1133 613 1271 678 oratoris
1300 636 1392 682 more
1417 639 1530 685 omnes
1552 637 1683 708 captans
1710 647 1784 692 caa-

1039 737 1088 779 sas
1104 717 1216 779 herois
1231 716 1280 780 aui
1299 718 1332 779 in
1349 721 1479 784 coelum
1496 723 1693 805 extollendi,
1715 750 1780 814 quo

1038 832 1231 902 argumento
1252 819 1293 882 ad
1316 822 1521 886 refutandam
1538 827 1686 891 Panvinii
1709 851 1785 894 scn·‘

1037 920 1171 980 tentiam
1187 943 1279 983 usum
1294 923 1359 1005 jam
1371 925 1467 990 video
1478 927 1725 993 'Pillemontium
1741 943 1781 1010 ο).

1039 1023 1176 1083 Tantum
1202 1043 1284 1107 ergo
1306 1026 1414 1103 abest,
1447 1042 1482 1090 ut
1496 1030 1628 1092 vPlinius
1653 1034 1782 1116 Belleyi

1037 1125 1216 1187 sententiae
1246 1130 1490 1209 patrocinetur,
1523 1146 1558 1193 ut
1588 1132 1782 1198 adversetur

1039 1226 1145 1294 etiarn.
1188 1229 1312 1291 Nemus
1350 1230 1547 1294 Gabalorum
1584 1234 1671 1297 diem
1705 1236 1782 1300 ado·

1036 1328 1155 1413 ptionis
1172 1350 1238 1392 non
1256 1331 1394 1409 decidit,
1418 1354 1597 1417 quanquam
1619 1336 1704 1398 istud
1725 1359 1782 1401 ne·

1038 1440 1101 1514 qne
1120 1431 1271 1496 adfirmet
1290 1434 1464 1517 Belleyus3
1489 1449 1596 1499 tamen
1618 1459 1679 1521 per
1704 1460 1782 1522 epo·

1037 1533 1117 1596 chae
1135 1545 1254 1596 annum
1269 1531 1298 1596 Γ
1299 1533 1371 1595 ΜΡ
1386 1538 1521 1620 exigere
1537 1540 1683 1616 videtur,
1703 1543 1782 1618 Τυρ-

1033 1636 1286 1718 janumsaltem
1312 1638 1345 1696 in
1371 1638 1564 1720 Septembri,
1580 1641 1651 1723 [jam
1679 1640 1780 1704 fuisse

1035 1736 1237 1819 adoptatum,
1266 1749 1299 1799 et
1322 1737 1495 1802 Caesarem
1518 1741 1656 1818 dictum,
1682 1755 1779 1825 atque

1034 1837 1099 1901 hoc
1126 1853 1221 1923 pacto
1249 1838 1418 1905 Victorem
1447 1841 1479 1925 d)
1516 1843 1590 1906 falsi
1619 1864 1777 1927 arguere,

1033 1940 1259 2013 adserentem,
1290 1942 1462 2023 Trajanum
1493 1945 1595 2008 tribus
1623 1944 1778 2009 duntaxat
1808 1968 1816 1975 ·

1033 2042 1197 2104 mensibus
1213 2042 1313 2105 fuisse
1330 2046 1503 2130 conlegam
1516 2049 1661 2123 Nervae,
1684 2047 1776 2129 cujus

1033 2145 1201 2206 oraculum
1218 2147 1320 2208 secuti
1338 2147 1398 2208 viri
1414 2147 1777 2230 praestantissimiDod·

1032 2246 1167 2322 wellus,
1209 2247 1377 2323 Norisius,
1398 2249 1555 2331 ·Pagius,
1597 2250 1777 2312 Tillemon·

1032 2347 1111 2423 lius,
1138 2346 1257 2432 aliique
1281 2349 1489 2432 adoptionem
1506 2351 1637 2433 Trajani
1658 2352 1699 2414 ad
1721 2373 1777 2415 ex·

1031 2463 1163 2511 euntem
1194 2448 1385 2528 Octobrim,
1423 2451 1478 2514 vel
1512 2452 1680 2517 ineuntem
1711 2456 1777 2518 No·

1031 2551 1189 2614 vembrim
1231 2553 1477 2615 conmituerunt.
1535 2555 1617 2618 Nam
1659 2579 1677 2619 a
1721 2557 1776 2621 dia

1030 2654 1146 2717 XVIII.
1167 2652 1369 2736 Septembris
1395 2655 1435 2720 V.
1456 2656 1491 2717 C.
1511 2656 1594 2731 850,
1626 2677 1693 2740 quo
1721 2658 1777 2719 ad-

1031 2767 1158 2836 optatus
1190 2754 1346 2835 'I'rajanus
1380 2775 1398 2815 a
1432 2757 1572 2838 Belleyo
1608 2757 1777 2833 statuitur,

1031 2875 1133 2938 usque
1173 2854 1213 2917 ad
1251 2869 1425 2917 exeuntem
1463 2857 1663 2933 Ianuarium,
1708 2879 1774 2942 quo
1853 2861 1861 2874 '

1031 2970 1177 3018 mortuus
1219 2971 1269 3019 est
1308 2960 1433 3032 Nerva3
1477 2957 1591 3020 saltem
1634 2974 1775 3042 quatuor

1031 3071 1104 3120 sunt
1126 3078 1254 3121 menses
1276 3059 1382 3124 solidi.
1428 3063 1569 3153 IJamen,
1599 3073 1634 3123 ut
1657 3083 1772 3124 verum

1029 3160 1150 3236 fatear,
1178 3181 1243 3222 non
1267 3182 1468 3245 magnopere
1493 3163 1573 3224 mibi
1597 3162 1772 3247 probatur,

1028 3274 1150 3350 tantum
1173 3261 1310 3326 fiduciae
1334 3265 1368 3325 in
1395 3283 1460 3325 uno
1484 3263 1548 3328 hoc
1571 3265 1770 3330 Gabalorum

1028 3384 1127 3426 numo
1154 3365 1291 3444 reponi,
1318 3384 1379 3429 nce
1403 3368 1478 3428 satis
1500 3367 1598 3430 rideo
1618 3368 1768 3446 rationis,

1028 3486 1087 3530 cur
1110 3464 1192 3529 adeo
1214 3478 1431 3548 properarent
1450 3466 1624 3544 Gabaleni,
1650 3483 1701 3545 ut,
1728 3470 1771 3533 si·

1027 3569 1094 3630 mul
1133 3566 1260 3642 audito,
1301 3566 1486 3650 adoptatum
1524 3567 1623 3631 fuisse
1651 3570 1769 3653 ‚Traja-

1025 3692 1120 3746 num,
1140 3662 1315 3753 perpaucis
1338 3669 1443 3732 adhuc
1465 3670 1604 3733 residuis
1623 3672 1697 3734 anni
1719 3672 1769 3734 sui

1025 3766 1126 3832 ΓΜΡ
1153 3770 1285 3847 diebus,
1317 3770 1424 3833 atatim
1453 3773 1523 3859 ejus
1551 3771 1700 3850 nomine,
1732 3786 1766 3835 et

1026 3871 1138 3956 effigie
1170 3886 1333 3935 monetam
1361 3871 1511 3938 ferirent.
1554 3871 1643 3967 Quid
1677 3874 1767 3959 quod

1025 3974 1151 4052 serius,
1177 3995 1270 4059 quam
1295 3975 1375 4038 haee
1403 3974 1618 4052 dictaveram,
1642 3995 1684 4038 ex
1709 3997 1767 4039 nu·

1025 4077 1086 4140 mis
1113 4098 1132 4141 a
1164 4077 1306 4139 Sestinio
1335 4076 1491 4158 vulgatis,
1526 4076 1631 4161 iisque
1663 4079 1766 4161 magis

1023 4176 1160 4261 integris
1187 4179 1350 4262 comperi,
1377 4178 1410 4239 in
1434 4176 1552 4244 eodem
1576 4178 1640 4241 hoc
1663 4177 1766 4242 Gaba·

1024 4279 1163 4343 lensium
1184 4302 1283 4343 namo
1308 4280 1481 4364 Trajanum
1503 4299 1570 4342 non
1592 4280 1767 4345 Caeamem

1025 4395 1166 4460 tantum,
1188 4382 1250 4445 sed
1268 4383 1451 4464 Augustum
1468 4381 1604 4465 insuper
1623 4383 1768 4467 compel-

1025 4485 1105 4561 lari,
1127 4486 1204 4570 quin
1223 4483 1318 4547 valde
1335 4503 1409 4546 ease
1424 4483 1618 4560 verisimile,
1638 4484 1766 4547 initium

224 4618 1770 4654 ”m

259 4706 288 4771 a)
310 4703 446 4776 Cappa.
523 4699 555 4768 d)
579 4700 626 4754 tt.
642 4697 773 4751 Teutam.
849 4699 879 4766 e)
902 4695 977 4751 Nota
994 4690 1045 4750 III.
1062 4691 1102 4748 ud
1121 4687 1258 4748 Neruam.
1333 4689 1367 4760 d)
1389 4690 1419 4746 iu
1435 4690 1580 4766 Epitorna.
