3998 5340
219 490 264 568 10
825 477 1157 561 AVGVSTVS.

215 649 430 731 disparuere,
455 648 520 710 duo
545 649 633 711 enim
660 651 743 711 anni
764 649 900 712 deerant
923 651 964 713 de
1021 647 1088 710 cari
1107 660 1181 711 ante
1199 667 1318 709 annum
1337 647 1377 716 V.
1394 646 1430 711 C.
1446 667 1534 729 7s7,
1556 648 1609 727 si,
1636 660 1676 711 nt
1700 650 1785 711 reri·

217 756 325 816 altere
342 752 564 833 quinquennio
585 751 683 831 hujus
701 753 848 834 imperii,
876 751 966 833 qnod
1021 751 1128 815 simile
1145 747 1229 826 dixi,
1251 742 1315 813 hoe
1335 749 1469 814 ineunte
1487 766 1531 814 ea
1552 760 1712 835 potestas
1726 750 1785 813 ite·

216 857 285 918 sibi
305 857 389 936 ipsis
412 866 534 917 exacto
556 855 668 933 priore
690 853 902 915 decreverant
923 851 963 931 ¹).
1020 868 1090 917 rata
1109 854 1181 918 tuit.

215 960 283 1020 iam
308 956 427 1039 igitur,
457 954 503 1032 si,
531 967 568 1016 ut
596 952 679 1030 dixi,
707 954 846 1016 alterum
872 951 965 1035 quin·
1085 952 1242 1040 Sequitur
1265 956 1340 1031 ut,
1365 954 1518 1039 quoniam
1541 952 1578 1015 in
1602 954 1719 1017 nnmb
1738 953 1783 1019 sie

215 1059 392 1144 quennium
431 1055 541 1140 coepit
576 1054 730 1118 ltatendis
764 1058 830 1116 lan.
861 1055 901 1118 V.
928 1054 964 1115 C.
1020 1056 1185 1140 inscriptis
1212 1058 1411 1125 Octavianas
1437 1054 1650 1119 luculentam
1675 1055 1783 1120 aditae

214 1182 295 1243 717,
328 1158 517 1222 necessario
544 1156 628 1218 illud
655 1153 783 1217 esssuxit
808 1154 964 1218 liniendis
1021 1157 1154 1221 barbam
1198 1158 1372 1242 appendit,
1419 1176 1495 1219 eutn
1536 1156 1655 1223 adhue
1697 1178 1782 1223 anno

214 1266 283 1327 lan.
303 1262 344 1328 V.
364 1263 399 1324 C.
419 1276 492 1339 7ae.
515 1255 621 1332 Atti,
643 1255 765 1319 utvult
787 1257 964 1340 Appianas,
1022 1261 1063 1327 V.
1085 1261 1121 1322 C.
1148 1282 1211 1341 7¹7
1249 1259 1382 1337 barqu
1414 1257 1547 1323 aluisae.
1597 1258 1781 1325 adsuunt

214 1360 371 1428 Kalendis
395 1363 462 1425 lan.
486 1359 526 1424 V.
547 1356 582 1420 C.
605 1374 666 1438 7at
697 1356 738 1419 ad
766 1357 965 1440 explendum
1021 1360 1108 1423 istud
1133 1360 1262 1426 ridetur
1289 1359 1399 1426 verbis
1423 1359 1543 1425 Dionia
1568 1360 1780 1449 perhibentis

216 1464 357 1530 aiterum
383 1458 638 1545 quinquennium
657 1457 836 1521 defuissent
860 1459 965 1524 adhue
1023 1462 1063 1526 ad
1080 1483 1201 1524 annum
1218 1464 1258 1529 V.
1275 1463 1312 1527 C.
1330 1463 1410 1544 7152
1442 1462 1533 1527 Sane
1556 1466 1690 1531 Caesen·
1711 1477 1780 1529 tu·

216 1564 292 1628 anni
313 1562 394 1638 duo,
417 1561 499 1622 illud
515 1560 643 1622 nonnisi
660 1563 698 1629 V.
713 1564 749 1626 C.
767 1563 829 1644 723
849 1563 966 1625 exivis-
1018 1569 1164 1648 primum
1181 1565 1316 1625 barbam
1335 1567 1455 1627 radens
1471 1576 1505 1625 et
1520 1568 1595 1647 t'pse
1607 1566 1780 1651 splendide

216 1679 277 1730 set.
309 1666 402 1727 Hanc
427 1663 528 1747 ipsam
556 1661 751 1726 discordiam
775 1664 881 1748 quoad
905 1663 966 1725 ite·
1022 1667 1108 1728 diem
1126 1666 1339 1746 cumsestum
1356 1669 1443 1750 egit,
1459 1679 1493 1727 et
1515 1664 1780 1749 reliquium!

215 1782 323 1833 ratum
342 1767 527 1830 Illviratum
544 1765 578 1826 in
595 1765 810 1851 scriptoribus
828 1767 894 1850 jam
911 1764 965 1828 ad·
1023 1767 1174 1828 omnibus
1189 1767 1362 1851 publicum
1379 1766 1512 1849 epulum
1529 1770 1640 1835 dedit.
1661 1768 1725 1835 A)
1740 1788 1777 1831 ea

215 1871 316 1939 vertit
333 1870 469 1953 Pighius
485 1867 529 1949 ¹³).
1023 1879 1136 1927 nutem
1161 1878 1306 1947 tempure
1331 1888 1438 1951 genas
1467 1868 1581 1933 lna-ees
1610 1870 1778 1943 amit,

278 1973 330 2033 Ex
353 1972 413 2035 hac
436 1969 654 2053 disputatione
677 1968 824 2052 sequitat
849 1971 889 2042 1..
911 1988 967 2032 ve·
1023 1970 1113 2030 sicut
1131 1969 1196 2028 atii
1213 1968 1364 2030 solebant
1384 1970 1427 2050 e),
1456 1966 1604 2033 bivero
1622 1968 1781 2033 mentite·

217 2073 449 2136 risimiilimum
494 2089 585 2146 esse,
634 2083 668 2131 et
705 2070 831 2132 ratione
868 2070 967 2132 etiam
1025 2081 1090 2129 stes
1130 2067 1320 2149 synchroni,
1358 2068 1415 2153 qui
1447 2089 1563 2135 omnes
1597 2070 1777 2135 casnm

218 2173 446 2257 comprobari,
466 2171 600 2233 lllriros
627 2170 766 2231 alterum
789 2171 969 2254 quinquen·
1023 2169 1176 2233 Illvirum
1199 2171 1318 2232 iterum
1339 2168 1528 2235 barbaranu
1550 2172 1693 2251 sistunt,
1720 2170 1777 2237 tat·

218 2275 309 2337 nium
328 2274 498 2335 inchoasse
517 2270 671 2333 lialendis
691 2272 756 2334 Ian.
775 2274 815 2340 V.
833 2274 871 2337 C.
885 2294 966 2355 7¹73
1025 2271 1097 2333 lero
1120 2286 1303 2355 nequeunt,
1330 2291 1437 2356 neque
1459 2273 1559 2336 etiam
1578 2287 1715 2339 tenuere
1730 2286 1778 2339 te·

217 2396 285 2437 non
325 2375 435 2458 prius,
478 2395 576 2450 nam,
613 2393 686 2436 cum
726 2392 768 2434 ex
804 2394 967 2436 marmore
1024 2373 1211 2436 stimonium
1239 2372 1355 2435 Dionis
1383 2374 1469 2436 istud
1497 2373 1624 2439 iactant
1652 2374 1777 2440 diserte

217 2477 403 2541 Collotiann
432 2489 557 2539 certum
588 2475 645 2551 sit,
685 2471 768 2535 illud
799 2473 968 2537 definitum
1023 2474 1065 2539 ad
1086 2474 1171 2537 huno
1189 2495 1309 2537 annum
1326 2476 1504 2539 referentis
1522 2476 1777 2563 repudianda·-

216 2579 320 2642 inisse
346 2601 365 2643 a
391 2577 455 2641 fine
480 2575 678 2641 Novembris
703 2577 745 2641 V.
768 2575 805 2639 C.
828 2598 887 2657 7¹¹
917 2598 969 2639 ns·
1024 2575 1251 2660 Expendenda
1276 2576 1382 2639 selum
1408 2597 1522 2655 cauas,
1550 2598 1616 2642 cur
1642 2579 1776 2645 barban

219 2700 283 2766 que
318 2678 359 2743 ad
392 2680 490 2742 tinem
524 2677 719 2743 Decembris
752 2679 794 2744 V.
822 2678 859 2743 C.
888 2680 966 2761 7sb,
1023 2701 1043 2741 a
1061 2680 1200 2741 Caesare
1218 2679 1393 2757 nutritam,
1416 2698 1454 2743 ac
1477 2676 1614 2764 quidem
1638 2681 1777 2747 testibus

218 2782 308 2844 nulla
343 2782 467 2845 Illviris
503 2779 566 2846 suit
595 2781 678 2844 ratio
709 2780 842 2844 alterius
876 2780 970 2865 quin-
1024 2780 1131 2842 nurnis
1150 2794 1182 2842 et
1201 2780 1309 2844 Dione
1332 2781 1366 2842 in
1388 2794 1453 2843 tam
1472 2780 1610 2865 longum
1635 2796 1776 2869 tempas,

219 2884 353 2967 quennii
372 2884 586 2970 anticipandi,
609 2883 671 2948 etsi
692 2882 793 2948 fuerit
815 2882 898 2946 ratio
919 2902 969 2945 se·
1023 2880 1188 2946 credibile
1215 2882 1266 2947 sit.
1303 2881 1476 2945 biorellius
1501 2881 1536 2945 in
1563 2883 1710 2969 epistola
1737 2884 1774 2947 ad

218 2999 329 3048 natum
358 2988 575 3070 permovendi
608 2987 719 3071 priore
745 2987 890 3047 nondum
913 3005 970 3047 ex·
1026 2984 1255 3061 Per-isonium,
1286 3002 1369 3067 qnae
1396 2983 1507 3046 estin
1526 2984 1657 3051 Electia
1683 2986 1775 3050 Wol-

219 3100 311 3162 acto,
347 3101 384 3149 ut
417 3090 457 3151 ad
489 3090 571 3150 iliud
602 3088 871 3170 designarentur,
903 3104 968 3169 qno
1026 3086 1165 3151 terecbii
1185 3108 1217 3170 p.
1230 3087 1288 3163 50,
1312 3085 1449 3171 ejusque
1471 3087 1598 3150 assecla
1616 3086 1774 3173 sublege·

218 3188 443 3272 magistratum
486 3190 604 3250 diutius
646 3201 850 3271 usurparent.
891 3188 967 3248 Non
1022 3190 1087 3253 lius
1108 3187 1159 3268 d),
1189 3186 1309 3270 aliique
1336 3187 1408 3270 ejus
1434 3206 1564 3250 cansam
1589 3188 1626 3250 in
1651 3190 1772 3253 luctu

221 3289 346 3369 serius3
380 3311 454 3350 nam
480 3309 554 3350 cum
579 3287 686 3350 omnia
712 3310 753 3352 ex
781 3289 814 3351 S.
836 3289 872 3349 C.
899 3287 968 3349 rel·
1024 3289 1068 3353 ob
1085 3302 1225 3351 mortem
1241 3290 1267 3353 1.
1283 3289 1432 3352 Caesaris
1446 3287 1611 3357 referunt.
1633 3292 1773 3355 Nonae·

220 3390 292 3454 ient
315 3410 416 3473 agere
439 3387 563 3465 rideri,
587 3389 781 3472 permissum
801 3401 910 3452 autem
929 3386 968 3448 il·
1023 3411 1151 3476 pugno,
1177 3410 1251 3452 nam
1275 3389 1362 3473 apud
1387 3392 1553 3456 Romanoa
1577 3391 1681 3458 barba
1701 3412 1772 3479 pet>

219 3492 261 3555 lis
292 3491 547 3577 quinquennium
579 3490 747 3555 eiiluxerit
773 3491 826 3555 die
850 3490 968 3555 lislen·
1024 3494 1121 3556 missa
1150 3512 1268 3557 revera
1296 3490 1403 3556 luctus
1432 3515 1509 3577 pars
1539 3494 1676 3559 exstitit.
1724 3492 1772 3557 Ad

220 3594 359 3660 dustan.
378 3593 531 3676 anni7a7
550 3594 788 3677 praecedente,
811 3613 851 3656 ex
870 3615 967 3657 sensu
1024 3598 1107 3660 haec
1135 3593 1229 3656 aliam
1262 3592 1442 3669 rationem,
1474 3614 1535 3659 nar
1564 3598 1613 3658 tt.
1640 3596 1772 3659 Antonin

220 3697 305 3781 legis
327 3696 404 3759 inde
429 3695 469 3757 ab
492 3696 543 3757 his
562 3696 718 3759 lialendis
739 3717 806 3760 nou
831 3695 968 3759 inissent
1024 3710 1122 3783 eaput
1139 3697 1173 3759 in
1196 3694 1361 3778 prioribus
1383 3697 1454 3779 ejus
1477 3696 1586 3759 numis
1605 3696 1772 3763 barbate·

220 3800 358 3881 amplius
387 3796 505 3860 [liviri.
537 3798 689 3882 Denique
716 3818 791 3860 cum
815 3811 966 3862 auctores
1023 3799 1084 3876 sit,
1111 3817 1266 3883 promere
1284 3796 1338 3862 rix
1357 3818 1544 3882 pessumus,
1566 3820 1666 3887 quana
1687 3798 1773 3887 qaod

219 3901 303 3961 hanc
322 3897 388 3959 illis
406 3896 572 3960 decretam
588 3912 781 3981 potestatem
799 3912 967 3963 narrantes
1024 3900 1140 3985 lugere
1160 3900 1313 3963 Iuliane
1332 3898 1413 3965 viris
1432 3898 1595 3963 sublatum
1618 3900 1772 3971 institnit.

219 4013 408 4066 constanter
425 4002 641 4077 quinquennis·
659 4001 886 4083 meminerint,
909 4021 968 4066 sen
1024 4024 1122 4090 quem
1140 4021 1313 4088 superesse
1329 4014 1501 4087 tantopere
1516 4000 1588 4087 ejus
1603 4002 1773 4077 intererat,

218 4102 314 4167 citius
337 4103 444 4178 illam,
472 4120 533 4164 sen
555 4102 660 4164 serius
686 4103 876 4183 iterassent,
901 4104 967 4170 dici
1025 4117 1060 4168 et
1088 4104 1180 4185 cujus
1207 4103 1396 4189 interempti
1423 4126 1460 4171 se
1491 4102 1660 4170 vindicent
1690 4104 1775 4171 iere·

219 4226 302 4271 rere
320 4202 577 4291 quinquennium
594 4225 660 4267 non
681 4206 851 4289 potuisset.
1024 4204 1089 4271 bat.
1117 4208 1160 4269 At
1178 4226 1260 4272 vero
1277 4207 1395 4290 lugere
1418 4220 1592 4291 parentent
1613 4210 1775 4275 mensis

283 4307 441 4395 Sequitur
466 4308 525 4383 ih,
556 4326 622 4370 non
655 4329 752 4392 posse
777 4329 894 4372 numos
921 4308 969 4371 in·
1024 4307 1173 4393 integro,
1208 4307 1361 4372 nimirum
1389 4308 1431 4373 ab
1457 4329 1542 4373 anno
1569 4306 1613 4378 V.
1634 4310 1675 4375 C.
1695 4330 1776 4395 ¹pets,

221 4409 360 4496 scriptos
384 4408 515 4476 tuvltt.
540 4410 657 4474 treta
680 4414 721 4476 tt.
742 4413 781 4477 P.
804 4413 842 4479 C.
867 4410 971 4475 collo·
1026 4431 1091 4496 quo
1113 4412 1212 4476 lulius
1232 4432 1347 4476 caesus
1367 4422 1436 4489 eat,
1460 4429 1565 4496 usqne
1588 4412 1633 4479 ad
1655 4432 1775 4481 annau

260 4638 291 4704 a)
311 4630 574 4707 Echidneae.
668 4631 704 4706 b)
724 4633 985 4694 susannense
1003 4635 1037 4695 t'.
1054 4636 1086 4694 C.
1103 4646 1165 4702 trs.
1259 4634 1586 4711 c)t..x1.ttttttas
1682 4640 1718 4717 d:
1740 4642 1776 4699 sd

220 4722 317 4800 impp.
333 4718 447 4783 ttuett.
463 4720 498 4779 t.
508 4722 530 4781 i.
544 4740 575 4801 p.
587 4731 647 4787 tte.
