4012 5370
726 494 1022 574 munusve.
1582 514 1651 597 193

201 661 268 728 llud
287 685 446 743 marmor,
473 665 562 751 quad
579 678 719 730 exeunte
737 687 857 730 saecu--
970 666 1151 731 simulacro
1167 665 1238 751 ipsi,
1256 662 1388 730 utillud
1408 667 1507 730 offert
1523 688 1651 747 numus,

201 767 321 832 satore
338 769 420 852 apud
436 769 593 832 Puteolos
611 768 765 831 effossum
782 781 847 842 est,
905 768 987 835 nibil
1001 788 1063 852 pro
1086 781 1277 852 praesente,
1307 782 1340 832 et
1359 771 1530 835 manifesto
1549 771 1654 834 numi·

201 871 231 931 ri
259 871 396 932 'l'iberio
423 869 578 944 dicatum,
610 871 698 936 xlv.
726 870 848 952 figuras
905 892 947 933 ne
976 870 1080 935 deest.
1133 870 1259 932 Adsunt
1288 884 1413 954 patera,
1446 872 1554 950 basta,
1584 892 1672 937 scm·

201 970 279 1033 bres
315 970 449 1033 exbibet
475 991 547 1033 cum
578 972 768 1054 subscriptis
796 991 849 1032 ur·
905 970 1043 1037 bellum.
1096 970 1187 1055 Ergo
1217 992 1290 1034 cam
1322 973 1410 1055 ajunt
1431 972 1581 1050 Tacitus,
1614 992 1652 1038 sc

226 1072 363 1133 totidem
397 1072 609 1134 Asiaticarum
645 1070 853 1149 nominibus,
906 1072 1103 1150 Suetonius,
1138 1072 1306 1135 Tiberium
1344 1073 1489 1138 lionores
1525 1074 1652 1136 divinos

209 1172 325 1234 eadem
351 1186 424 1234 sunt
447 1195 520 1235 cum
541 1172 599 1247 iis,
624 1194 705 1256 quae
725 1193 848 1237 memo·
905 1188 1106 1251 aversatum,
1136 1171 1170 1233 id
1199 1175 1285 1236 forte
1309 1172 1368 1237 sub
1398 1176 1470 1257 ejus
1493 1174 1654 1260 principa·

201 1274 323 1351 scitus,
357 1273 478 1336 additis.
494 1288 667 1357 praeterea
693 1276 847 1358 Epheso,
905 1288 956 1339 tus
978 1274 1091 1350 initio,
1118 1286 1151 1335 et
1168 1274 1319 1337 *necdum
1336 1276 1412 1339 satis
1434 1274 1530 1339 firmo
1551 1278 1654 1368 impe·

201 1396 283 1456 syra.
903 1378 961 1440 rio·
979 1396 1092 1441 verum
1115 1375 1234 1454 luerit,
1264 1374 1369 1438 serius
1391 1376 1652 1459 magnificentius

201 1474 214 1535 l
246 1476 470 1558 explicandam
505 1495 640 1539 aversae
670 1471 851 1558 imaginem
905 1477 946 1543 de
966 1476 1174 1554 assenserit,
1203 1489 1259 1540 aut
1277 1479 1410 1554 saltem,
1435 1492 1652 1564 utnusquam

201 1578 422 1640 remorandum
474 1577 604 1639 omnino
651 1576 846 1661 Phlegontis
904 1580 1027 1644 cultum
1050 1578 1230 1644 coelestem
1262 1601 1280 1643 a
1309 1579 1382 1641 suis·
1407 1580 1578 1664 exegerit,
1608 1579 1653 1644 ita

201 1680 258 1740 ani
287 1680 508 1741 testimonium
530 1681 574 1760 ·),
605 1676 661 1763 qui
689 1676 848 1763 exApol-
903 1704 971 1745 uon
1003 1663 1182 1758 obstiterit,
1220 1679 1247 1741 si
1276 1679 1474 1759 habebatur,
1512 1680 1654 1765 perinde

219 1781 342 1857 refert,
371 1781 495 1843 Tiberii
515 1792 619 1842 aetate
643 1780 846 1862 complures,
904 1800 1001 1869 atque
1020 1781 1105 1846 idem
1124 1782 1183 1844 ille
1194 1779 1332 1864 Augusti
1351 1798 1471 1843 nomen
1483 1802 1549 1845 uon
1561 1795 1654 1845 usum

202 1896 313 1945 ustres
339 1882 436 1943 urbes
469 1895 668 1944 terraemotu
698 1902 847 1959 eversas,
904 1884 1024 1969 pabat,
1067 1882 1202 1947 audiens
1237 1895 1364 1957 tamen,
1404 1896 1458 1945 aut
1494 1883 1652 1965 scriptum

201 1982 336 2045 subinde
354 1983 533 2066 imperator
553 1982 694 2065 propriis
714 1983 847 2065 sumpti·
903 1984 1022 2070 legens
1047 1984 1175 2048 ferebat
1190 1985 1236 2065 ⁰).
1277 1984 1367 2045 Sane>
1384 2002 1469 2044 auno
1491 1998 1652 2069 sequente

201 2085 317 2161 eiecit,
340 2105 400 2167 pro
425 2106 489 2167 quo
512 2083 673 2146 benelicio
699 2084 844 2146 colossus
903 2086 1052 2172 permisit
1079 2085 1160 2161 sibi,
1196 2105 1234 2148 ac
1258 2083 1353 2147 matri
1380 2082 1539 2168 templum
1567 2085 1653 2168 apud

201 2185 331 2248 edicatur
360 2187 484 2248 Romae
516 2186 547 2245 in
576 2184 651 2247 foro
685 2185 777 2267 juxta
794 2203 846 2247 ae·
904 2190 1079 2271 Smyrnam¹
1102 2185 1264 2264 dedicari,
1300 2200 1437 2249 matrem
1460 2206 1540 2250 vero
1564 2184 1654 2250 omni

201 2287 352 2361 Veneris,
381 2288 539 2349 adstitutis
560 2287 687 2346 urbium
705 2287 846 2369 singula·
902 2291 984 2354 deae
1004 2290 1094 2354 cultu
1119 2289 1316 2374 propositam
1334 2287 1480 2353 videmus
1503 2308 1600 2371 supra
1617 2285 1652 2349 itt

204 2388 398 2453 simulacris.
448 2387 544 2479 Quod
577 2387 846 2452 disertis-verbis
904 2391 974 2478 ejus
986 2394 1154 2477 Augustae
1168 2393 1284 2454 naamis.

200 2504 232 2552 at
253 2489 422 2572 Phlegon,
457 2490 538 2552 illud
566 2491 671 2573 ipsum
693 2490 725 2550 in
750 2489 848 2551 citato
968 2494 1110 2561 Videtur
1134 2492 1281 2555 colossus
1301 2488 1354 2555 hic
1373 2489 1567 2553 Tiberianus
1585 2488 1650 2553 hoo

201 2611 266 2654 ose
294 2592 495 2668 Puteolano,
536 2592 639 2654 oculis
680 2589 850 2666 videmus,
905 2593 1037 2659 demum
1060 2614 1153 2658 anuo·
1174 2591 1299 2670 linitus,
1339 2605 1374 2657 et
1399 2591 1584 2669 dedicatus,
1618 2606 1656 2654 ao

218 2691 305 2755 haud
340 2694 437 2756 dubie
470 2693 648 2756 secundum
680 2691 857 2774 exemplar·
906 2695 1045 2761 subinde
1075 2694 1363 2761 numia-insertus.
1406 2693 1515 2761 Video
1546 2703 1656 2767 tamen

201 2817 283 2856 ntum
319 2797 476 2878 scalptum
509 2795 625 2871 luerit,
661 2809 695 2857 et
725 2794 765 2856 ad
795 2792 850 2856 de·
906 2797 991 2884 apud
1028 2798 1200 2880 Belleyum
1221 2793 1274 2878 d),
1313 2791 1580 2868 Mediobarbum,
1621 2804 1656 2855 et

204 2895 351 2959 icandam
380 2895 507 2958 Tiberii
531 2897 759 2960 liberalitatem
787 2897 850 2956 Pu·
906 2899 939 2961 in
962 2899 1033 2963 aliis
1050 2895 1206 2981 catalogis
1223 2897 1398 2959 memorari
1419 2892 1493 2958 trib.
1516 2902 1657 2975 potesta·

220 2998 416 3062 dedicatum.
459 2999 651 3060 Colosseum
679 3013 785 3060 autern
812 2998 850 3058 il·
906 3013 973 3063 tem
1007 2998 1093 3062 xx1.
1116 2998 1222 3062 numia
1252 2995 1367 3076 similis
1396 2991 1580 3081 argumenti
1609 2993 1658 3056 ln·

201 3113 407 3164 remoratum
433 3099 610 3182 Phlegonti
641 3099 848 3162 simulacrum
907 3103 1076 3186 scriptam,
1107 3100 1195 3164 unde
1223 3112 1432 3184 sequeretur,
1460 3114 1656 3159 monumen·

204 3200 338 3265 dubium
357 3201 484 3266 videtur
499 3202 598 3263 fuisse
615 3201 733 3263 eodem
749 3204 851 3279 cultu,
906 3217 974 3267 tum
999 3201 1082 3266 illud
1104 3203 1238 3268 biennio
1255 3215 1328 3286 post
1347 3215 1418 3263 eam
1439 3197 1655 3261 calamitatem

201 3325 223 3364 n
243 3318 416 3387 praesente
442 3326 541 3366 numo
556 3303 708 3366 Tiberius
732 3324 851 3386 propo·
907 3304 1104 3372 dedicatum.
1156 3307 1191 3366 ln
1221 3305 1369 3387 catalogo
1399 3301 1505 3364 musei
1542 3301 1659 3365 Caesa·

246 3407 336 3469 ttitit
369 3409 431 3470 lruc
464 3407 593 3469 conlert
624 3402 768 3467 marmor
788 3406 852 3466 Pu·
906 3410 958 3471 sei
995 3408 1191 3492 typograplli
1229 3407 1322 3488 lapsu
1354 3402 1512 3487 scriptum
1534 3402 1658 3487 legitur

201 3528 292 3583 sum,
321 3509 413 3589 cujus
438 3522 560 3570 tantum
583 3507 667 3570 basis
692 3520 853 3589 superest,
911 3508 1237 3576 Tn.POT.xx111.
1299 3564 1301 3567 .

201 3609 318 3694 ‚qnod
336 3612 367 3673 ei
381 3610 580 3672 imminuisse
596 3611 774 3674 verisimile
791 3624 853 3686 est,
1172 3654 1190 3694 ᾖ
1274 3606 1296 3645 s
1378 3653 1398 3689 ἑ
1467 3622 1471 3627 ,

201 3733 289 3775 rum
315 3697 430 3789 itiam
459 3711 641 3795 deperdito.
680 3714 731 3774 ne
758 3711 853 3794 hujus
1052 3712 1107 3775 m.
1135 3706 1318 3773 causas.
1351 3705 1456 3776 mvn
1489 3702 1592 3773 avc,
1620 3705 1658 3770 n,

201 3813 310 3877 menti
329 3814 500 3876 Puteolani
518 3815 641 3890 forma,
671 3827 703 3876 et
723 3814 852 3876 erudito
1051 3812 1242 3879 avovstt
1276 3812 1317 3877 P.
1358 3812 1403 3871 M.
1442 3811 1512 3873 TR.
1551 3807 1655 3871 PO'l'.

201 3929 299 3979 uento
319 3916 374 4000 qni
391 3918 482 4000 plara
501 3937 598 3979 nosse
618 3917 737 4000 cupiet,
760 3915 854 3979 adeat
1050 3915 1202 3990 xxun„
1223 3918 1259 3975 r'n
1274 3913 1404 3975 medio:
1425 3908 1460 3975 S.
1474 3909 1513 3977 C.

201 4038 270 4082 sam
290 4015 333 4093 ds
357 4040 397 4083 eo
420 4019 588 4082 Laurentii
611 4019 769 4085 Gronosii
790 4019 854 4080 dis·
910 4017 1058 4086 DIVVS.
1078 4017 1326 4086 Avovstvs.
1345 4013 1506 4078 PATER.
1538 4011 1661 4092 Augu·

201 4119 319 4184 ionem
353 4121 507 4185 insortam
538 4125 644 4185 Tomo
673 4124 744 4189 Vll.
768 4122 854 4183 The·
911 4134 984 4183 stus
1000 4124 1110 4202 capite
1129 4119 1392 4181 radiato-sedens
1407 4114 1438 4180 d.
1453 4126 1590 4177 extenta
1606 4133 1661 4173 ra·

228 4224 455 4309 antiquitatum
490 4223 668 4300 Gronovii,
705 4237 741 4286 et
779 4221 855 4286 Bel·
912 4243 1016 4297 mum,
1039 4244 1066 4285 s.
1083 4223 1232 4296 trustem,
1252 4219 1354 4295 iuxta
1371 4235 1451 4294 ora,
1467 4216 1657 4278 velmsnsn.

201 4323 277 4409 ³⁵).
911 4327 981 4390 ΑΕ.
998 4327 1023 4388 1.
1040 4325 1143 4403 (Mus.
1159 4319 1267 4400 Caes.)

201 4622 542 4688 bereb.mirab.e.15.
625 4622 660 4694 b)
681 4622 713 4680 B.
731 4622 763 4680 1..
777 4621 812 4681 T.
826 4620 929 4682 XXIV.
948 4628 1047 4699 μηδ.
1129 4620 1161 4693 c)
1179 4616 1236 4677 oio
1251 4615 1382 4678 t.1.v11.
1399 4618 1461 4690 §.a
1544 4616 1577 4688 d)
1597 4614 1616 4673 1.
1634 4635 1659 4672 c.

201 4731 205 4772 t

201 4821 337 4900 urs.)
410 4892 413 4895 A
642 4820 645 4826 ·
1342 4812 1409 4876 ns
