4012 5370
246 474 321 556 594
829 456 1220 535 DOMITIANVS.

245 632 420 694 Praeclare
446 626 625 692 seeundum
647 628 707 690 hoe
732 648 849 690 numos
872 631 989 692 Pausa·
1045 631 1218 715 periuntnr
1235 626 1321 713 apud
1331 626 1599 695 Morelliamsub
1610 632 1788 697 Domitiano

246 735 330 811 nias,
362 753 435 796 eum
461 745 570 793 narrat
591 738 639 813 ει),
666 729 786 794 vidisse
815 752 851 794 se
880 732 990 794 rhino-
1045 734 1112 797 tab.
1128 734 1199 797 XII.
1215 754 1247 796 ιι.
1263 731 1306 808 43
1324 744 1389 798 etc.
1405 732 1678 802 etinvaiumaii
1690 736 1787 800 numia

243 849 389 913 ceretae,
412 854 493 921 quos
512 856 633 911 ταυρους
655 834 855 907 Αιθιοπικους
877 846 988 908 vocat,
1047 850 1168 919 praest.

241 958 381 1021 quorum
407 956 425 997 e
448 936 581 998 naribus
605 936 760 997 extremis
785 955 889 997 cornu
914 956 989 1018 pro·
1090 938 1171 998 Sunt
1189 936 1286 998 etiam
1303 934 1472 1018 argentei,
1491 948 1527 999 et
1542 936 1658 1002 aenei:
1680 934 1784 999 OMO·

241 1040 360 1112 irridet,
389 1051 422 1098 et
442 1038 551 1120 paullo
569 1038 718 1120 superine
736 1036 895 1111 aiterum,
921 1056 985 1097 non
1045 1034 1503 1119 N01A.CGBACTH‚typa
1525 1039 1782 1105 Concordiuesc·

239 1156 348 1204 tamen
378 1160 539 1221 magnum.
584 1140 675 1201 Haec
701 1136 988 1200 commemoranda
1046 1142 1172 1213 dentis,
1197 1142 1251 1201 vel
1272 1143 1408 1201 stantis.
1433 1136 1550 1219 (vain.
1576 1142 1665 1206 Mus.
1686 1144 1782 1223 Caes.)

239 1244 353 1317 suere,
381 1240 454 1324 quia
474 1238 660 1301 Haeduinus
683 1260 724 1300 ex
747 1239 825 1321 ipsis
848 1237 899 1299 hie
920 1239 987 1299 Dc·
1044 1259 1183 1323 quorum
1199 1238 1280 1301 item
1297 1238 1420 1302 amalec
1436 1238 1652 1321 ignorantur:

238 1341 361 1407 mitiani
391 1341 495 1417 numis
525 1339 731 1402 manifestum
761 1360 834 1429 esse
866 1338 983 1414 (locet,
1086 1340 1432 1405 Memorandusiternt

238 1444 334 1507 unico
352 1444 387 1503 in
405 1462 484 1503 nare
508 1462 611 1503 cornu
630 1442 712 1504 hane
727 1441 830 1503 seram
848 1461 922 1502 esse
936 1439 984 1500 in·
1149 1440 1668 1509 u0M1T1ANoc.KA10AP.
1687 1446 1777 1531 Caput

236 1558 391 1609 structam
417 1540 465 1624 b),
503 1542 708 1626 eundemque
733 1541 862 1603 'deinde
892 1563 984 1604 erro·
1148 1546 1348 1607 laureatum.

235 1666 307 1708 rem
326 1644 412 1707 sorte
432 1664 472 1705 cx
490 1642 659 1705 Haeduino
678 1644 844 1719 haustum,
864 1643 898 1704 in
916 1645 982 1705 Do·
1041 1639 1327 1707 nontorxoe.
1360 1644 1477 1707 Pallas
1495 1648 1664 1727 gradiens
1683 1650 1713 1711 d.
1733 1650 1777 1709 Ire·

236 1746 357 1809 mitiani
383 1746 489 1807 numia
516 1744 645 1806 nonnisi
671 1766 769 1806 unum
795 1765 899 1807 cornu
927 1744 983 1806 ob·
1040 1760 1128 1808 stum
1141 1750 1321 1821 intentans,
1337 1767 1362 1808 s.
1377 1745 1541 1827 σζγρσιιιιι.
1555 1748 1773 1835 AE.11.(ttn.

234 1848 379 1922 serrari,
402 1847 594 1931 propagavit
619 1847 754 1909 lacobus
779 1848 888 1908 Bruce
916 1848 981 1906 An·
1040 1848 1174 1913 Parnes.
1191 1850 1231 1913 Τ.
1249 1850 1303 1911 IX.
1320 1846 1385 1911 tab.
1403 1846 1490 1911 Vssl.
1508 1868 1541 1913 ιι.
1557 1851 1615 1933 q.)
1738 1904 1746 1917 ,

233 1949 326 2031 glus,
360 1948 414 2035 qui
441 1949 474 2008 in
502 1968 560 2009 suo
584 1948 775 2028 A‘byssiniue
809 1947 980 2010 itinerario
1081 1944 1255 2033 Πολιουχοι
1276 1947 1397 2011 Suidae
1415 1961 1492 2010 sunt
1511 1952 1649 2015 urbium
1664 1954 1771 2035 praesi-

233 2050 334 2110 muita
351 2047 392 2111 de
412 2049 474 2112 hoe
492 2050 620 2111 animali
638 2050 714 2111 alias
727 2049 884 2125 unicorni,
902 2048 980 2111 alias
1040 2051 1113 2129 ἄεις
1142 2070 1244 2133 quare
1266 2048 1353 2111 istud
1374 2050 1547 2134 epitheton
1565 2054 1667 2117 variis
1687 2052 1770 2117 diin

233 2151 362 2214 bicorni
394 2153 575 2227 enarravit,
610 2172 674 2235 quo
704 2152 778 2213 loco
809 2150 978 2212 historiam
1038 2151 1207 2214 veteribus
1220 2150 1358 2212 inditum
1373 2151 1443 2213 suit.
1459 2153 1621 2219 Privatim
1635 2154 1768 2221 illndtri·

232 2252 412 2314 naturalem
443 2254 689 2339 quadrupedum
724 2253 796 2336 ejus
832 2252 977 2337 regionis
1036 2252 1151 2317 butum
1174 2267 1225 2315 est
1247 2252 1412 2315 Palladia
1437 2254 1627 2337 Spartanis,
1649 2256 1702 2321 cui
1718 2256 1767 2319 hue

233 2353 400 2420 describit.
1035 2355 1167 2417 nomine
1203 2354 1360 2437 templum
1397 2356 1431 2416 in
1461 2376 1539 2420 arce
1571 2358 1634 2421 suit
1654 2360 1701 2439 Β),
1742 2370 1768 2419 et

1034 2456 1188 2522 Vitellius
1217 2469 1363 2539 pateram
1387 2456 1570 2523 immensae
1595 2456 1766 2543 magnitudi

351 2536 456 2601 ΝΜ
477 2542 651 2601 ‘immam
668 2540 849 2619 V‘Vffgri'if·
1032 2558 1083 2619 nis
1096 2560 1246 2641 clypeum
1260 2560 1442 2635 Minervae,
1458 2552 1582 2645 ainyrdu
1596 2556 1763 2645 lienteum

271 2657 410 2725 Vrbium
444 2657 643 2721 Graecarum
679 2658 856 2731 liberarum
891 2660 975 2743 justa
1034 2659 1287 2741 appellarant),
1317 2682 1398 2745 queo
1422 2662 1487 2744 jam
1510 2662 1693 2731 observarit
1714 2662 1763 2745 Gy·

229 2775 381 2843 superest
401 2763 504 2844 copia.
535 2762 586 2820 Ex
605 2760 655 2820 his
676 2760 877 2822 memorandi
896 2783 976 2824 non·
1032 2760 1153 2825 raldus.
1205 2760 1429 2854 Quaecunque
1462 2764 1543 2827 urbs
1574 2764 1653 2843 tuit,
1693 2782 1760 2849 quse

228 2864 330 2941 nulli,
355 2884 494 2949 quorum
515 2875 639 2925 certam
661 2882 728 2925 non
751 2874 898 2926 tenemus
921 2884 975 2947 pa·
1003 2936 1010 2965 ι
1033 2862 1119 2925 hunc
1141 2883 1275 2924 numum
1298 2862 1453 2949 signarit,
1487 2880 1615 2930 certum
1636 2866 1758 2939 videtur.

230 2968 337 3033 triam,
1031 2964 1096 3027 hoe
1127 2978 1206 3045 typo
1234 2985 1322 3026 usam
1353 2966 1387 3026 in
1414 2968 1596 3031 Domitiani
1625 2968 1757 3055 gradem

269 3068 368 3129 Numi
390 3065 540 3150 argentei
554 3058 726 3129 ΕΤΟΤΣ.
747 3062 887 3131 ΝΕΟΤ.
912 3066 972 3128 ΙΕ-
1032 3088 1051 3128 a
1074 3088 1139 3152 qno
1162 3067 1343 3130 Minervam
1370 3066 1557 3152 insignitius
1583 3072 1697 3135 cultam
1713 3088 1758 3131 no·

230 3166 341 3243 Por,
372 3173 453 3228 unni
482 3170 560 3228 nevi
585 3170 691 3240 sacri,
723 3165 765 3227 de
791 3166 906 3248 quibua
933 3189 975 3231 ex
1032 3183 1143 3244 verat,
1171 3168 1346 3251 praecipue
1369 3188 1443 3231 cum
1467 3190 1505 3233 ee
1532 3172 1651 3236 eodem
1670 3172 1755 3243 ealtn,

228 3269 397 3353 proposito
414 3267 539 3350 egimus
555 3268 631 3333 Vol.
648 3269 704 3335 Ν.
720 3266 755 3327 iu
773 3281 912 3332 tractatu
931 3269 972 3333 de
1032 3284 1068 3332 nt
1097 3271 1130 3330 in
1162 3270 1290 3333 Graeco
1328 3268 1391 3333 hoc
1421 3292 1527 3334 numo
1566 3272 1756 3359 proponitur,

227 3372 312 3434 notia
328 3368 583 3453 chronologicis.
1031 3372 1226 3456 frequenter
1251 3372 1286 3434 in
1315 3386 1447 3437 moneta
1476 3376 1624 3441 Romana
1649 3392 1753 3457 compr

268 3476 352 3536 Sunt
373 3487 408 3536 et
431 3472 485 3534 alii
507 3471 657 3554 argentei
677 3474 733 3535 111.
754 3471 879 3534 formae
904 3472 971 3535 eie·
1031 3486 1112 3538 reat.

226 3577 329 3661 gantis
360 3575 489 3658 operis,
527 3575 560 3636 in
590 3596 729 3659 quorum
759 3594 889 3637 aversa:
931 3571 971 3633 C·
1070 3568 1244 3640 ΜΤΣΙΑ.
1273 3579 1447 3639 Provincia
1469 3590 1599 3641 moesta
1614 3580 1750 3641 humisa·

224 3674 346 3739 ΤΟΤΕ
373 3674 429 3739 ῙΔ.
456 3670 666 3737 TssnTOT.
693 3674 752 3741 lZ.
795 3678 889 3750 Vna,
918 3678 973 3737 vel
1028 3678 1109 3739 dens
1128 3676 1232 3753 juxta
1253 3698 1420 3740 annorum
1440 3682 1640 3761 congeriem.
1666 3676 1748 3751 Vide.

222 3781 346 3855 duplex
358 3780 434 3861 lyra
447 3780 622 3839 insistente
630 3780 821 3858 plerumque
835 3788 968 3837 noctua.
1028 3798 1109 3861 qnae
1133 3778 1175 3841 de
1198 3778 1354 3863 singuiari
1379 3781 1442 3843 hoc
1465 3801 1567 3843 numo
1590 3780 1707 3865 conjeci
1723 3778 1748 3839 iu

223 3880 341 3946 Variae
365 3878 417 3940 his
442 3880 548 3940 numia
574 3879 696 3961 patriae
719 3878 758 3940 ab
782 3877 967 3941 auctoribus
1026 3880 1131 3941 narnis
1150 3882 1294 3943 Moesiae
1312 3880 1720 3971 superiorieVol.11.p.6.

222 3984 448 4066 adsignantur,
471 3982 530 4043 sed
548 3978 656 4041 verius
675 4000 748 4042 esse
765 3981 885 4062 Lyciae
899 3979 968 4045 rin·
1072 3985 1285 4046 Coloniarum
1311 3984 1400 4044 nnrni
1427 3984 1495 4047 ruri
1515 3985 1577 4049 sub
1597 3976 1699 4071 patre,
1722 3992 1748 4043 et

222 4087 396 4162 dicandus,
422 4085 562 4167 probare
584 4094 716 4144 carnatus
742 4104 811 4143 sum
837 4083 871 4142 in
896 4083 966 4165 ejus
1025 4082 1144 4160 fratre,
1176 4084 1236 4145 snb
1264 4084 1450 4149 Domitiano
1480 4088 1605 4171 majore
1630 4104 1744 4153 numeru

220 4190 366 4275 regionis
387 4188 504 4252 numis.
535 4187 617 4247 Sunt
640 4185 734 4266 hujus
757 4182 887 4267 generis
908 4183 966 4245 cti·
1024 4200 1211 4252 occurrunt.

220 4315 270 4357 am
294 4294 354 4357 sub
373 4294 498 4365 Nerva,
526 4302 559 4351 et
581 4287 722 4368 Traiano
744 4288 870 4371 signati.
900 4286 965 4348 Pre-
1069 4292 1380 4355 Alexandrinorum
1396 4312 1513 4378 magna
1531 4294 1635 4381 eopia.

255 4624 285 4690 a),
305 4621 337 4675 L,
358 4620 407 4675 tx.
429 4638 455 4674 c.
475 4630 520 4675 ιι,
640 4614 675 4684 b)
695 4612 770 4669 Nota
790 4611 878 4671 tt'tt.
899 4610 938 4668 sd
956 4611 1011 4669 Plii
1030 4609 1237 4683 librumvill.
1359 4616 1390 4687 c)
1409 4614 1536 4675 Pensm.
1558 4616 1591 4671 l..
1607 4615 1655 4675 ΙΙΙ.
1673 4633 1694 4671 e
1708 4619 1740 4671 15·

220 4710 253 4779 d)
276 4711 354 4763 Suet.
378 4709 406 4761 in
425 4706 525 4763 virell.
546 4726 571 4761 c.
594 4718 635 4767 15.
