4012 5370
804 336 1190 464 noniutunvs

227 567 288 619 est.
320 554 443 620 Verum
461 548 535 611 sutis
555 549 614 610 ista
632 563 804 633 perspecta
824 567 898 616 sunt
914 551 970 631 iis,

226 655 343 739 quibus
371 653 450 715 licet
472 651 512 712 de
535 651 640 713 numis
661 652 807 735 judicare
835 651 971 719 non'ex

224 755 402 840 praeconio
420 752 657 835 catalogorum,
682 755 740 816 sed
757 777 795 817 ex
812 757 882 840 ipso
899 780 969 822 usu.

211 857 457 921 ·Me‹liobar·bus
501 870 632 937 praeter
671 857 855 920 innumeras
890 860 969 922 alias

225 962 332 1035 labes,
363 958 478 1041 quibus
506 958 665 1018 relertum
694 971 743 1021 est
770 959 840 1040 ejus
869 979 968 1044 opus,

224 1065 322 1126 etiam
352 1061 415 1122 hoc
447 1072 577 1141 peccat,
618 1057 705 1142 quod
733 1060 921 1124 subaeratos
951 1084 969 1123 a

223 1165 335 1249 probis
373 1162 537 1244 argenteis
575 1181 640 1221 non
677 1162 828 1227 secrevit.
883 1163 967 1225 Sanc

223 1265 408 1329 acutissimo
442 1262 654 1323 Tillemontio
687 1262 771 1325 adeo
804 1262 969 1328 adversari

224 1368 352 1429 ueritati
382 1365 567 1438 ridebatur,
594 1364 815 1433 Domitianum
844 1367 907 1448 jam
935 1368 968 1429 in

222 1470 392 1532 consulatu
421 1469 511 1541 Vll..
544 1487 602 1528 sou
631 1469 670 1533 V·
697 1470 733 1532 C.
757 1469 818 1544 834
846 1469 967 1533 dictum

222 1570 323 1630 luisse
358 1568 606 1644 Germanicum,
638 1583 674 1630 nt
708 1591 773 1631 non
804 1570 968 1634 dubitaret

221 1670 397 1743 adserere,
429 1684 597 1752 suspectos
629 1671 690 1731 sibi
718 1670 824 1735 rideri
851 1695 966 1736 numos

222 1792 335 1833 omnes
363 1771 409 1833 sic
439 1773 622 1854 inscriptos.
655 1773 704 1852 (in
730 1774 814 1835 Nota
842 1776 898 1841 lV.
926 1775 967 1837 ad

220 1872 414 1951 Domitian.)
447 1871 657 1963 Quapropter
686 1894 842 1957 cuperem
870 1877 966 1939 etiam

221 1994 308 2036 noro
343 1973 491 2035 examine
525 1975 646 2056 inquiri
679 1976 713 2035 in
743 1976 842 2039 fidem
872 1981 965 2040 aenei

222 2075 407 2136 Morelliani
438 2097 512 2136 mox
545 2076 681 2152 laudati,
725 2077 758 2138 in
789 2098 854 2161 quo
885 2080 963 2143 item

220 2178 507 2242 GERMANICVS
538 2179 746 2262 conjungitur
772 2200 844 2242 cum
868 2181 963 2245 COS.

219 2281 312 2355 vlt,
342 2280 498 2363 cujusque
526 2281 664 2342 similem
692 2303 794 2366 usque
821 2303 886 2344 non
913 2304 965 2346 re·

218 2382 302 2464 peri.
336 2380 433 2472 Quod
456 2382 482 2442 si
504 2383 595 2443 lubet
617 2381 717 2444 fidem
742 2384 866 2446 habere
889 2384 964 2448 huic

219 2483 364 2545 Morellii
392 2505 511 2559 numo,
543 2485 716 2547 babeamus
741 2501 773 2548 et
794 2486 893 2549 fidem
920 2489 965 2550 al·

218 2586 284 2646 teri
305 2584 344 2645 ab
368 2585 484 2647 eodem
503 2587 608 2662 odito,
632 2588 664 2647 in
684 2603 877 2670 quocontra
897 2608 964 2650 om·

218 2708 278 2749 nes
307 2687 400 2748 nobis
431 2688 580 2769 cognitos
609 2690 813 2752 Domitianus
843 2689 963 2752 dicitur

219 2791 411 2850 llllPerotor
433 2791 566 2866 xxlll„
598 2791 639 2853 de
667 2813 731 2874 quo
759 2813 891 2875 agemus
914 2812 964 2853 ar·

219 2892 321 2953 ticulo
351 2906 519 2972 sequente.
564 2894 664 2955 Plane
694 2895 793 2977 igitur
820 2908 964 2969 certum,

222 2994 255 3051 in
276 2993 498 3075 proponendis
519 2995 568 3054 his
589 2997 712 3072 nuruis,
741 2996 847 3079 quiin
871 2995 965 3058 chro-

220 3095 382 3177 nologicis
401 3095 484 3154 notis
504 3113 657 3177 peccant,
677 3113 731 3160 aut
748 3081 875 3159 'errassi
895 3099 965 3159 Mo·

220 3197 352 3257 rellium
367 3195 595 3272 delineantcm,
613 3214 665 3260 aut
679 3198 965 3282 chalcograpbum,

219 3310 274 3359 sut
298 3298 394 3359 etiam
420 3298 451 3357 in
476 3299 513 3360 iis
539 3300 743 3363 elaborandis
768 3303 873 3386 ipsum
898 3323 965 3364 mo·

221 3400 382 3462 netarium
415 3414 571 3461 veterem.
615 3405 802 3465 Morellium
833 3404 867 3464 in
896 3403 965 3486 pin·

221 3502 332 3583 gendo
356 3523 585 3585 nonnunquam
610 3505 710 3565 fuisse
734 3506 964 3581 incautiorem,

221 3605 283 3681 jam
311 3603 388 3664 alias
417 3602 544 3679 detexi,
576 3607 710 3689 ejusque
739 3606 883 3688 palmare
910 3626 966 3668 ex·

220 3706 364 3786 emplum
388 3705 464 3765 dedi
487 3706 518 3766 in
544 3707 683 3768 denariis
699 3706 860 3789 Scipionis
877 3708 965 3771 Asia·

221 3807 324 3889 genis.
369 3806 652 3890 Cbalcograpbnm
685 3811 757 3892 quis
793 3810 962 3873 absolvere

222 3909 329 3984 volet,
368 3909 542 3990 praecipue
575 3910 607 3969 in
638 3910 699 3972 hoc
731 3910 963 3994 imperatorum

221 4030 340 4091 opere,
368 4011 420 4072 cui
443 4032 593 4093 suprema
611 4013 755 4074 Morellii
779 4036 889 4076 manus
910 4014 964 4076 de·

222 4111 308 4172 luit?
342 4112 408 4173 Sed
431 4135 536 4196 neque
561 4113 677 4174 desunt
699 4115 759 4177 bac
788 4117 962 4200 praecipue

221 4226 326 4274 aetate
365 4228 456 4275 certa
495 4216 529 4275 in
564 4218 669 4277 numis
708 4219 963 4281 monetariorum

222 4329 372 4397 peccata,
415 4337 522 4398 neque
567 4319 600 4377 in
643 4321 807 4399 argenteis
849 4321 964 4397 modo,

223 4437 361 4498 quorum
401 4418 635 4502 imperantibus
672 4421 792 4483 Flauiis
835 4425 965 4505 cognita

225 4532 272 4579 est
291 4521 476 4601 perversio,
502 4523 559 4582 sed
578 4536 610 4582 et
629 4523 748 4585 aeneis.
772 4526 831 4585 Est
849 4526 880 4585 in
899 4549 964 4587 mu·

225 4640 279 4683 seo
303 4622 462 4685 Caesareo
486 4645 606 4686 aeneus
629 4626 652 4687 l.
676 4624 800 4689 formae
824 4628 965 4711 integer·

1596 334 1598 340 r
1697 404 1769 506 ³⁹²

1027 552 1145 631 rimus,
1181 551 1273 636 isque
1310 552 1441 632 obrius,
1477 552 1511 615 in
1545 555 1637 638 cujus
1668 556 1772 620 antica

1028 655 1243 737 Vespasianus
1281 653 1400 718 dicitur
1435 654 1531 721 COS.
1559 657 1634 732 lll.,
1678 671 1771 721 certo

1027 756 1215 819 charactere
1244 756 1320 817 anni
1346 759 1386 825 V.
1416 757 1451 819 C.
1479 758 1552 834 ⁸24.
1593 759 1629 819 lu
1659 764 1772 823 aversa

1028 858 1121 919 Titus
1151 857 1284 920 dicitur:
1317 857 1439 924 calls.
1469 860 1571 924 AVG.
1599 860 1637 920 F.
1669 859 1772 926 llvss.

1026 958 1130 1033 IMR,
1159 978 1233 1022 cunt
1262 973 1367 1023 tamen
1396 980 1438 1022 ex
1462 960 1665 1043 praescripto
1693 962 1773 1023 alio·

1026 1081 1098 1122 rum
1117 1059 1291 1138 similium,
1312 1082 1393 1145 quos
1415 1061 1448 1122 in
1471 1061 1540 1144 ejus
1563 1063 1639 1124 anni
1660 1079 1771 1125 mone·

1026 1173 1058 1223 ta
1081 1161 1203 1237 obtuli,
1233 1174 1301 1223 tum
1324 1176 1358 1224 et
1379 1162 1613 1245 chronologiae
1641 1164 1770 1246 legibus

1027 1276 1119 1324 certo
1141 1261 1349 1325 scribendum
1375 1263 1493 1326 sueritz
1524 1264 1645 1329 CAES.
1668 1265 1769 1332 AVG.

1027 1364 1065 1427 F.
1080 1363 1178 1424 DES.
1197 1365 1285 1430 ltlr.
1314 1366 1468 1428 Ceterum
1490 1385 1556 1427 non
1579 1365 1672 1427 deest
1690 1365 1771 1428 effu·

1027 1465 1135 1549 giam,
1164 1484 1272 1550 neque
1298 1466 1383 1528 istud
1408 1467 1603 1544 violentum,
1630 1489 1695 1550 quo
1717 1491 1772 1552 pa·

1025 1579 1122 1628 trono
1151 1567 1184 1628 in
1211 1566 1340 1631 laudato
1368 1590 1466 1630 numo
1495 1570 1691 1633 Morellisno
1718 1590 1770 1633 re·

1026 1681 1077 1730 cte
1100 1689 1161 1728 una
1183 1681 1269 1730 stare
1284 1669 1408 1750 possint
1423 1683 1457 1731 et
1472 1668 1768 1736 GERMANICVS.

1026 1782 1060 1831 et
1086 1768 1276 1835 COS.V11.
1319 1771 1409 1833 Alias
1437 1771 1594 1847 diximus,
1624 1792 1665 1834 ex
1693 1792 1769 1834 con·

1024 1871 1180 1933 sulutibus
1209 1891 1285 1947 sex,
1317 1893 1399 1956 quos
1423 1873 1631 1935 Domitianus
1661 1873 1767 1935 adhuc

1025 1974 1144 2035 Caesar
1167 1973 1284 2056 gessit,
1309 1975 1450 2059 quinque
1472 1974 1574 2036 fuisse
1600 1973 1765 2038 suffectos.

1023 2075 1092 2135 Hos
1117 2094 1198 2156 ergo
1220 2075 1247 2135 si
1270 2077 1416 2159 neglexit
1435 2077 1652 2153 monetarius,
1675 2079 1766 2160 cujus

1022 2175 1111 2236 aliud
1135 2180 1321 2260 exemplum
1350 2177 1427 2241 dedi
1454 2201 1551 2262 supra
1578 2179 1619 2242 ad
1648 2201 1767 2241 annum

1023 2279 1064 2340 V.
1091 2278 1126 2342 C.
1147 2278 1227 2355 832,
1254 2280 1440 2342 consulatus
1464 2282 1533 2345 Vll.
1560 2280 1650 2340 numi
1676 2301 1767 2362 prae·

1023 2378 1123 2442 sentis
1145 2380 1363 2444 adnumeratis
1380 2382 1522 2467 quinque
1541 2381 1686 2445 suffectis
1704 2383 1767 2443 erit

1020 2483 1128 2565 reipsa
1158 2484 1250 2574 XII„
1287 2505 1467 2568 numasque
1502 2484 1587 2548 adeo
1622 2486 1765 2569 signatus

1021 2585 1062 2651 V.
1081 2587 1117 2645 C.
1134 2586 1207 2667 839.

1062 2685 1141 2760 His,
1169 2698 1205 2746 ut
1228 2685 1417 2768 oportebat,
1446 2686 1657 2770 praemonitis
1683 2700 1766 2750 stan·

1022 2787 1099 2849 dum
1120 2778 1251 2848 o'muino
1273 2800 1394 2849 tantum
1415 2788 1520 2849 numis
1539 2802 1650 2851 certae
1669 2785 1763 2862 lidei,

1021 2888 1127 2972 iisque
1149 2909 1266 2971 magno
1288 2909 1426 2950 numero
1451 2889 1677 2973 superantibus
1699 2892 1765 2951 exi-

1023 2992 1131 3059 stimo.
1162 2995 1269 3075 Atque
1291 2990 1467 3053 secundum
1496 2992 1557 3054 bos
1583 2982 1667 3054 certi
1693 2991 1766 3053 red·

1024 3092 1148 3167 alimur,
1190 3091 1377 3156 Domitiano
1417 3093 1603 3157 Germanici
1645 3115 1763 3156 nomen

1024 3216 1090 3257 non
1114 3194 1212 3257 suisse
1238 3194 1394 3272 inditum,
1423 3195 1485 3257 nisi
1513 3210 1652 3259 exeunte
1681 3213 1764 3258 anno

1024 3298 1062 3361 V.
1085 3298 1122 3359 C.
1148 3295 1228 3373 838,
1261 3298 1312 3360 rel
1341 3293 1447 3362 suum
1476 3297 1652 3381 incipiente
1680 3318 1764 3359 anno

1022 3400 1098 3480 837.
1127 3400 1207 3479 Ejus
1230 3419 1361 3482 gravem
1383 3399 1544 3460 rationem
1570 3397 1649 3458 mibi
1677 3395 1765 3460 suffi-

1022 3501 1067 3564 cit
1088 3499 1190 3575 istud,
1214 3498 1301 3583 quod
1325 3497 1449 3559 nullum
1472 3498 1535 3563 vidi
1552 3497 1627 3559 anni
1644 3499 1763 3582 prioris

1022 3623 1172 3676 numum,
1204 3601 1258 3683 qui
1287 3599 1472 3663 Germanici
1499 3601 1628 3662 titulum
1656 3613 1764 3663 ostana

1022 3718 1087 3780 tet,
1114 3702 1238 3764 nullum
1260 3700 1469 3784 posterioris,
1496 3703 1552 3787 qui
1575 3724 1649 3766 eum
1671 3702 1761 3765 omit·

1022 3820 1076 3868 tat.
1110 3808 1216 3889 Atque
1244 3804 1325 3866 baec
1353 3797 1513 3867 sententia
1538 3803 1675 3889 egregie
1703 3819 1763 3867 stu·

1022 3907 1135 3970 bilitur
1162 3904 1390 3969 Alexandrinis
1425 3906 1603 3970 Domitiani
1638 3905 1761 3980 numis,

1021 4009 1185 4092 inscriptis
1199 4001 1382 4071 ‘ETOTZ
1406 4002 1597 4084 Tl'ITOT,
1623 4028 1761 4092 quorum

1023 4114 1078 4176 alii
1107 4107 1234 4173 titulum
1262 4100 1405 4173 ΙῈΡΜ.
1432 4109 1597 4186 omittunt,
1627 4109 1682 4172 alii
1708 4110 1763 4171 ad·

1021 4216 1111 4279 dunt.
1150 4212 1267 4296 Coepit
1288 4211 1463 4274 Domitiani
1490 4210 1593 4274 annus
1621 4212 1676 4272 ΙΙΙ.
1706 4209 1760 4274 die

1021 4317 1137 4382 xxttt
1173 4313 1311 4398 Augusti
1349 4314 1390 4380 V·
1424 4314 1461 4382 C.
1491 4312 1563 4376 83b.
1606 4313 1698 4395 Ergo
1732 4315 1761 4376 is

1022 4434 1114 4505 parte
1129 4417 1240 4503 priore
1253 4415 1327 4479 anni
1340 4415 1434 4496 hujus
1447 4414 1659 4481 Alexandrini
1673 4416 1759 4482 hunc

1023 4518 1321 4584 titulum'nondum
1348 4522 1490 4605 recepit,
1523 4533 1619 4604 atque
1649 4521 1696 4582 uti
1726 4521 1760 4582 in

1022 4625 1072 4689 bis
1092 4622 1199 4686 uumis
1221 4635 1296 4684 unte
1317 4645 1434 4686 annum
1457 4625 1511 4686 ΙΙΙ.
1531 4642 1594 4683 nou
1621 4622 1758 4703 legitur,
