4012 5370
813 549 816 557 Ι
831 445 1070 564 ,Αν-ῦῪΞΝΤ
1080 445 1159 517 VS.

225 616 357 692 attinet,
379 625 505 678 exstant
525 601 614 683 numi
636 634 702 678 non
718 616 812 698 pauci
830 636 903 679 euni
923 630 971 700 ty·

221 722 265 802 po
280 717 382 780 simili
397 729 431 778 et
448 712 627 798 epigraphe
644 716 765 799 absque
780 711 887 780 tamen
904 722 968 782 Au·

223 821 310 904 gusti
333 816 519 892 mentione,
541 839 622 901 quos
645 835 821 904 propterea
841 821 893 907 hie
914 822 969 885 de·

218 904 354 998 'aeribo,
386 917 535 1004 quoniam
563 921 603 983 ad
625 916 785 1002 eundem,
815 938 869 987 aut
891 925 969 991 rici·

222 1045 301 1088 ausu
321 1037 414 1087 certe
432 1044 547 1084 annum
566 1024 744 1106 pertinent:

378 1127 412 1188 S.
429 1126 466 1188 Ρ.
481 1124 522 1218 Q.
542 1127 580 1189 R.
597 1129 688 1186 intra
703 1149 859 1220 coronam
877 1150 969 1208 qucr-

377 1249 464 1288 llam·

222 1327 376 1392 tribvs,
392 1327 591 1387 GENERIS.
606 1327 791 1392 ttvnrattt.
816 1333 968 1391 Victoria
1016 1332 1021 1350 ¹

219 1432 321 1511 globo
350 1432 518 1489 insistens.
551 1430 621 1494 AV.
657 1431 727 1495 All.
756 1431 905 1510 (Morelli
935 1430 967 1492 in

224 1533 327 1613 lanpp.
346 1543 380 1591 et
401 1529 535 1591 incertis
550 1529 665 1611 famil.)

289 1634 448 1692 Arersam
481 1631 620 1692 similem
653 1633 716 1714 jam
746 1633 894 1696 dedimus
919 1655 970 1694 su·

224 1754 285 1816 pra
303 1733 344 1793 ad
366 1754 483 1793 annum
508 1735 585 1812 734,
608 1733 640 1794 in
660 1736 751 1816 cujus
765 1737 854 1797 numi
869 1737 970 1797 altera

227 1834 404 1918 superficie
428 1835 622 1895 exhibentur
638 1816 728 1919 signa
744 1860 761 1898 a
775 1837 902 1899 Parthis
920 1858 970 1900 re·

226 1950 337 2019 cepta.
362 1935 552 2028 Quanquam
574 1958 689 2000 avere
710 1937 795 2000 forte
813 1939 884 2023 quis
904 1961 969 2000 non

226 2059 430 2120 magnopere
475 2039 691 2116 aberraverit,
741 2040 796 2124 qui
837 2063 970 2102 numum

224 2155 435 2223 praesentem
464 2141 523 2202 sub
554 2142 675 2204 Galbae
706 2142 844 2225 imperio
867 2145 970 2227 signa·

224 2256 295 2303 turn
322 2245 412 2304 volet
437 2243 605 2315 arbitrari3
634 2265 708 2305 nam
734 2258 767 2306 et
788 2245 908 2320 antica,
938 2258 970 2306 ut

226 2366 344 2405 aversa
364 2345 454 2404 numi
480 2345 576 2428 hujus
599 2367 673 2428 pars
695 2346 729 2406 in
749 2346 818 2428 ejus
839 2360 978 2408 moneta

229 2445 460 2511 observantur.

409 2632 451 2693 V.
469 2631 590 2708 (2743.
605 2631 651 2695 A.
670 2629 716 2696 X.
735 2651 783 2696 ιι.

270 2749 338 2814 Tts.
354 2751 390 2812 P.
405 2750 492 2814 XII.
507 2752 608 2815 XllI.
627 2751 721 2816 008.
738 2750 803 2818 ΧῙ.
821 2753 856 2813 Ρ.
874 2696 925 2817 dl.

509 2872 610 2932 IMP.
626 2871 692 2934 XI.
835 2881 840 2890 ’

228 2990 348 3051 Paullo
365 2990 470 3052 Fadio
486 2990 661 3065 Maximo,
691 2990 731 3072 Q.
750 2990 850 3052 Aelio
872 2990 970 3052 Tube·

517 3112 534 3150 Τ
537 3111 596 3152 0116
615 3111 680 3154 cos.

287 3259 417 3318 Drusus
432 3247 618 3319 Cheruscos
644 3255 791 3332 infestat,
821 3256 972 3318 Tiberius

222 3359 391 3421 Dalmatas
413 3373 447 3421 et
466 3358 669 3435 Pannonios,
699 3360 740 3424 L.
755 3359 833 3419 Piso
852 3361 971 3420 Bessos

1691 473 1768 577 ί109

1025 611 1165 698 Augusti
1185 613 1291 678 numia
1313 635 1386 680 eum
1404 616 1544 697 Latinis,
1575 634 1641 685 tum
1654 623 1768 689 ¹Gras-

1026 715 1072 778 eia
1097 717 1193 779 toties
1219 718 1378 799 oecumit,
1407 719 1470 782 hoe
1492 721 1567 783 loco
1596 746 1695 807 agere
1719 729 1767 790 lu·

1025 817 1090 880 bet.
1114 819 1218 882 Hune
1232 819 1349 882 eximie
1366 819 1506 884 illustrat
1524 822 1698 890 Suetonius
1721 827 1765 913 b),

1027 940 1100 982 cum
1118 935 1241 994 narrat,
1261 922 1474 1003 Theogenem
1494 927 1688 1007 Apolloniae
1705 952 1770 995 ma·

1027 1023 1256 1099 thematieum‚
1284 1044 1358 1086 curu
1380 1026 1411 1087 ei
1426 1026 1590 1109 Augustus
1610 1042 1676 1090 tum
1696 1033 1772 1096 ado·

1026 1117 1154 1185 le'scens
1173 1125 1352 1206 genituram
1367 1132 1456 1188 suam
1474 1125 1607 1205 ederet,
1629 1153 1667 1194 ea
1685 1134 1772 1194 audi·

1026 1239 1067 1299 ta,
1083 1225 1254 1312 eailuisse,
1280 1243 1418 1311 eumque
1444 1228 1607 1296 adorasse.
1652 1233 1767 1296 Addit:

1027 1338 1156 1386 saritam
1175 1327 1502 1411 rrtonsrducramfatt'
1518 1337 1698 1414 Augustus
1711 1337 1771 1396 lta·

1026 1430 1108 1504 buit,
1121 1443 1159 1489 ut
1175 1431 1285 1490 tlrcma
1299 1451 1395 1491 suum
1412 1430 1608 1511 uulgauerit,
1622 1457 1771 1499 numum·
1859 1417 1866 1430 ³

1027 1549 1089 1608 quc
1111 1543 1304 1611 argenteum
1328 1545 1407 1591 nota
1426 1533 1546 1594 sideris
1565 1541 1767 1617 capricorni,

1027 1650 1089 1709 quo
1101 1643 1199 1690 natus
1211 1643 1271 1705 esl,
1278 1636 1488 1711 percusserit.
1507 1636 1643 1699 Profert
1657 1640 1770 1701 Schle-

1028 1730 1132 1813 gelius
1154 1730 1214 1790 alia
1237 1729 1331 1791 etiam
1354 1744 1523 1812 poetarum
1544 1738 1682 1821 Augusti
1709 1740 1768 1802 sub

1027 1834 1219 1914 capricorno
1247 1831 1313 1892 nati
1345 1835 1528 1896 testimonia
1550 1849 1596 1918 ⁰),
1637 1860 1701 1922 quo
1723 1841 1770 1902 lo-

1027 1954 1066 1996 cu
1096 1933 1218 2015 pariter
1243 1932 1402 1995 ,verbosas
1438 1936 1641 2005 eruditorum
1670 1962 1770 2022 super

1029 2036 1091 2097 hoe
1130 2032 1277 2095 Caesaris
1318 2033 1502 2120 horoscopo
1539 2019 1768 2107 altercationes

1028 2136 1197 2218 recoquit,
1221 2157 1317 2218 quas,
1340 2136 1455 2219 quibus
1476 2153 1580 2202 tantae
1603 2162 1660 2204 eae
1680 2144 1769 2206 ride·

1027 2235 1164 2313 buntur,
1184 2237 1308 2298 adeant.
1339 2240 1491 2300 Ceterum
1510 2243 1686 2304 secundum
1703 2248 1769 2328 lly-

1028 2340 1137 2420 ginum
1155 2341 1185 2418 d)
1204 2338 1256 2428 hie
1274 2341 1483 2422 capricornus
1499 2346 1605 2426 reipsa
1619 2349 1685 2408 Pan
1702 2362 1768 2426 est3

1026 2462 1098 2501 nam
1116 2442 1202 2503 hune
1228 2442 1332 2502 refert
1349 2458 1437 2504 metu
1456 2447 1623 2527 Typhonis
1647 2472 1719 2512 sese
1735 2451 1768 2511 in

1026 2540 1147 2602 ssumen
1186 2542 1362 2622 abjecisse,
1400 2561 1434 2608 et
1470 2562 1562 2630 parte
1599 2552 1767 2613 anteriore
1831 2623 1837 2635 ἱ

1027 2643 1125 2719 hirei,
1143 2645 1323 2725 posteriore
1341 2647 1436 2728 piscis
1453 2648 1590 2712 sormam
1608 2652 1769 2727 induisse,

1027 2745 1117 2827 cujus
1141 2748 1307 2829 ingenium
1337 2747 1511 2812 admiratus
1545 2753 1668 2834 Iupiter
1693 2775 1769 2817 eum

1027 2848 1187 2908 sideribus
1225 2848 1370 2912 inseruit.
1414 2853 1509 2913 lllum
1542 2855 1660 2917 Aratus
1694 2877 1769 2937 pru·

1026 2963 1140 3030 pterea
1181 2949 1364 3029 ,Aegipana
1401 2951 1542 3032 appellat
1567 2961 1607 3033 ο).
1659 2957 1768 3039 Capri·

1028 3069 1128 3112 corno
1152 3047 1186 3107 in
1213 3047 1262 3109 ltis
1287 3051 1393 3111 numis
1419 3074 1516 3135 saepe
1544 3054 1673 3117 additur
1697 3079 1769 3120 cor·

1021 3152 1205 3233 'nucopiae,
1235 3164 1268 3211 et
1300 3153 1554 3234 gubernaculum
1583 3158 1766 3241 explicante

1030 3252 1115 3314 istud
1129 3253 1296 3314 Lactantio
1319 3253 1359 3331 st:
1378 3278 1454 3317 nam
1468 3259 1682 3321 simulacrum
1699 3263 1769 3340 ejus

1031 3357 1224 3437 (Fortunae)
1249 3375 1323 3418 cum
1355 3362 1450 3439 copia
1477 3373 1510 3421 et
1539 3362 1766 3440 gubernaculo

222 3474 367 3544 superat.
408 3462 575 3543 Augustus
599 3462 668 3542 ipae
696 3459 729 3519 in
757 3461 870 3522 Galliis
895 3481 970 3542 pro·
1016 3456 1169 3540 fingunt,
1198 3468 1354 3535 tanquam
1375 3458 1459 3519 lracc
1481 3475 1513 3520 ct
1532 3482 1607 3541 opes
1624 3465 1766 3537 tribuat,

224 3576 303 3646 pter
323 3561 404 3622 belli
426 3560 459 3621 in
475 3561 591 3623 ricinia
607 3562 734 3624 turbida
751 3563 825 3643 agit.
869 3563 969 3622 Mori·

225 3675 281 3725 tar
297 3661 435 3725 Octavia
458 3662 637 3725 seeundum
655 3664 814 3739 Ilionam,
837 3676 867 3723 at
892 3662 970 3723 Sue·

220 3762 316 3826 tonia
346 3785 432 3826 anno
461 3780 620 3849 aequente
642 3767 683 3848 ⁸).
721 3765 801 3827 Iulia
832 3763 970 3846 Augusti

222 3863 293 3930 fllia
313 3865 452 3927 Tiberio
468 3867 571 3930 nubit.

370 3968 748 4036 stver8.D1v1.
783 3967 821 4031 F.
863 3969 970 4051 Caput

366 4072 502 4134 nudum.
758 4091 765 4099 “

222 4173 316 4236 111².
341 4172 400 4234 itt.
430 4174 652 4252 Capricornus
672 4169 807 4249 globum
831 4169 972 4252 pedibus

221 4282 409 4359 stringens.
432 4275 502 4338 AR.
520 4275 619 4350 (Mus.
640 4272 746 4352 Caes.)

287 4379 345 4442 De
368 4376 554 4463 capricorni
572 4388 663 4459 typo,
691 4370 840 4460 quoniam
859 4368 913 4433 hie
937 4370 971 4432 in

1026 3571 1059 3619 ct
1075 3559 1295 3618 humanarum
1312 3581 1421 3619 rerum
1440 3565 1585 3640 regimen
1607 3563 1766 3625 obtincat.

1027 3659 1152 3722 Globus
1174 3657 1261 3720 orbis
1288 3671 1448 3720 terrarum
1473 3661 1653 3742 symbolum
1680 3686 1766 3726 nune

1027 3765 1124 3824 etiam
1170 3781 1360 3842 comparere
1395 3761 1429 3822 iu
1473 3779 1603 3826 moneta
1642 3765 1764 3847 incipit.

1026 3864 1078 3924 Do
1095 3865 1158 3924 ltoe
1174 3861 1315 3923 isidorus
1337 3864 1384 3942 s):
1411 3866 1517 3926 Pilum
1532 3870 1567 3928 in
1581 3869 1676 3946 signo
1693 3888 1767 3926 con·

1027 3967 1180 4025 stitaissc
1187 3965 1306 4045 fieretur
1322 3967 1499 4047 Augustus
1510 3982 1643 4049 propter
1659 3969 1767 4032 natio·

1016 4087 1086 4125 =ncs
1107 4067 1172 4126 sibi
1201 4069 1237 4126 ira
1267 4079 1384 4127 cuncto
1418 4069 1492 4130 orbe
1519 4071 1699 4148 subjectas,
1729 4085 1764 4132 ut

1028 4170 1137 4246 tnagis
1154 4166 1305 4250 figuram
1341 4172 1431 4230 orbt's
1464 4174 1657 4234 ostenderet.
1706 4173 1767 4233 Ea·

1029 4269 1104 4331 dem
1126 4268 1362 4350 significatione
1383 4270 1409 4330 is
1428 4263 1584 4353 deinceps
1610 4291 1708 4353 saepe
1726 4272 1766 4333 ab

1028 4371 1183 4454 Augustis
1215 4393 1310 4433 manu
1343 4371 1538 4454 praefertur.
1584 4372 1689 4455 Saepe
1719 4375 1768 4435 illi

259 4586 455 4660 ocanni.
554 4582 589 4654 b)
607 4582 738 4656 C²P·9l·
839 4533 1358 4652 c)ndlllorellilnipp.T.l.p.t9lt.
1460 4577 1768 4669 d)L.lt.sign.coet.

222 4678 257 4746 a)
277 4675 313 4731 iat
323 4672 489 4733 Pboe'uonn
587 4673 615 4743 s)
633 4665 725 4730 instit
737 4670 770 4729 L.
780 4669 831 4729 111.
847 4689 872 4730 c.
884 4683 927 4744 29.

1028 4672 1061 4745 g)
1082 4668 1164 4742 Orig.
1178 4666 1210 4723 L.
1220 4665 1326 4730 XVIII.
1342 4685 1366 4722 c.
1377 4676 1401 4728 ὅ.
