4012 5370
799 444 972 529 avuta
1002 453 1194 528 Ttrt'u.

778 768 954 831 arara
1007 768 1129 831 mr
1177 770 1212 865 a

264 955 330 1014 am
354 975 393 1013 ex
420 949 540 1010 amata
560 949 706 1008 raram
726 949 791 1008 {aa
814 953 854 1030 a).
886 952 968 1011 aaa
1005 926 1008 932 ’

223 1074 316 1138 pater
344 1053 501 1134 virginem
525 1051 711 1112 Domitiano
735 1049 828 1111 fratri
849 1051 883 1110 in
905 1074 969 1113 ma·

222 1156 408 1218 trimonium
439 1152 574 1230 obtulit3
608 1151 695 1234 quod
720 1172 794 1214 cum
820 1152 847 1213 is
874 1154 995 1214 recu·'

223 1271 325 1321 sasset
350 1256 518 1319 devinctus
540 1253 704 1315 Domitiae
729 1247 868 1336 nuptiis,
900 1255 966 1316 col-

223 1363 328 1422 locata
351 1358 411 1418 suit
433 1357 547 1418 Flavio
573 1354 710 1429 Sabino,
735 1355 802 1416 tilio
829 1357 868 1419 Τ.
894 1354 967 1416 Fla·

221 1464 264 1523 vii
299 1462 408 1523 Sabini
440 1456 549 1519 fratris
579 1455 788 1537 Vespasiani,
826 1457 967 1538 patrueli

222 1563 305 1638 Titi,
336 1585 372 1624 ac
395 1559 572 1622 Domitiani
596 1557 638 1639 b).
670 1560 795 1626 Verum
826 1558 880 1620 vix
910 1579 966 1618 nu·

223 1681 307 1748 ptam
349 1665 424 1728 rivo
462 1661 566 1724 adbuc
608 1673 699 1741 patre
740 1659 966 1722 ardentissime

222 1768 332 1850 coepit
362 1765 513 1847 diligere.
559 1764 691 1823 Mortuo
723 1759 818 1835 Tito,
857 1781 968 1823 caeso·

222 1891 284 1954 que
309 1890 369 1951 per
388 1868 532 1951 iniquum
552 1875 756 1948 praetextum
778 1862 892 1927 marito
913 1863 968 1924 Sa·

221 1971 317 2045 bino,
351 1989 489 2052 cumque
519 1991 536 2029 a
564 1965 706 2027 Domitia
741 1986 797 2027 sua
830 1978 967 2048 propter

220 2071 457 2134 adulteriorum
493 2069 657 2131 infamiam
698 2066 841 2128 animum
876 2086 968 2129 aver·

219 2176 331 2247 sisset,
365 2194 430 2234 non
458 2172 594 2254 amplius
620 2183 707 2231 tecte
733 2188 806 2230 cum
832 2188 869 2230 ea
892 2187 968 2229 con·

219 2277 343 2350 suevit,
367 2275 426 2337 sed
444 2289 555 2357 aperte
576 2271 676 2345 adeo,
699 2283 735 2332 ut
756 2283 883 2344 essent,
912 2269 968 2351 qui

219 2376 414 2455 crederent,
443 2378 544 2439 luisse
571 2396 629 2438 eos
657 2394 736 2437 vero
761 2369 966 2433 matrimonio

219 2482 430 2562 conjunctos,
461 2492 494 2540 et
520 2491 658 2540 testetur
680 2474 897 2536 Philostratus
922 2472 968 2551 ο),

219 2595 396 2664 eapropter
428 2579 581 2662 nuptialia
615 2600 705 2640 sacra
736 2572 860 2658 Ephesi
891 2570 970 2662 pub·

219 2684 282 2745 lice
310 2684 410 2744 fuisse
435 2682 599 2743 celebrata
621 2679 665 2760 d).
709 2681 752 2738 At
781 2675 868 2737 enim
899 2674 970 2755 ipse

219 2787 358 2849 amasias
377 2806 472 2847 causa
489 2784 603 2844 mortis
621 2780 762 2854 exstitit,
788 2796 863 2839 cum
880 2792 973 2855 prae·

220 2901 374 2971 guantem
401 2907 472 2962 eam
500 2888 665 2968 coegisset
691 2895 820 2943 uterum
852 2875 970 2954 abjice·

220 3012 257 3052 re
281 2994 322 3070 Ε).
352 2989 467 3054 Fuisse
497 2988 614 3068 dictam
639 2987 816 3067 Augustam
836 3002 853 3041 a
875 2977 968 3054 Tito,

220 3106 442 3154 consecratam
463 3115 479 3152 a
498 3088 703 3161 Domitiano,
728 3082 818 3144 numi
838 3081 967 3142 docent.

220 3195 272 3255 De
306 3214 390 3255 anno
424 3192 615 3264 nativitatis,
659 3209 696 3250 ae
734 3184 849 3246 mortis
885 3181 967 3241 nihil

219 3296 303 3358 certi
336 3308 471 3357 constat.
507 3293 544 3352 ld
574 3312 671 3352 unum
701 3287 825 3350 notavit
854 3284 969 3345 saeto-

219 3400 293 3458 nius
323 3396 366 3474 f),
404 3395 502 3457 natali
534 3394 619 3455 tiliae
649 3413 724 3454 auae
758 3415 776 3452 a
809 3392 885 3456 Tito
919 3403 970 3444 ca·

219 3514 291 3580 ptaa
313 3498 580 3579 Hierosolyma,
604 3494 691 3580 quod
711 3497 828 3560 accidit
851 3498 904 3563 die
928 3499 967 3560 11.

221 3601 426 3682 Septembris
449 3602 492 3680 s).

262 3702 389 3766 Passim
415 3701 530 3779 video,
558 3714 622 3762 tam
651 3700 691 3762 ab
721 3700 883 3765 historicis
909 3724 968 3766 no·

222 3821 307 3868 strae
349 3804 479 3879 aetatis,
526 3825 620 3887 quam
659 3802 845 3888 antiquariis
884 3804 967 3868 bane

223 3909 289 3971 Titi
314 3909 411 3968 liliam
435 3906 500 3967 dici
520 3904 631 3966 luliam
654 3906 821 3981 Sabinam,
846 3921 879 3969 et
901 3929 971 3969 sae·

224 4031 263 4092 pe
289 4010 447 4082 mirabar,
475 4008 594 4071 lactum
618 4007 703 4069 istud
726 4032 743 4069 a
766 4008 845 4072 viris
865 3998 899 4069 in
922 4007 971 4068 hi·

224 4112 323 4174 storia
356 4111 467 4172 critica
499 4109 596 4192 primi
631 4110 793 4196 subsellii,
830 4130 969 4194 quorum
993 4138 1011 4167 a*

225 4213 349 4295 agmina
379 4233 571 4274 enumerare
603 4214 736 4295 longam
764 4212 864 4276 soret.
910 4214 969 4273 Ta·

262 4409 292 4473 a)
314 4406 394 4461 Suet.
412 4407 440 4459 iu
458 4403 523 4458 Tito
542 4423 567 4460 c·
584 4413 610 4464 lt.

229 4499 257 4566 c)
279 4496 297 4550 l.
313 4518 338 4553 c.

1027 970 1101 1014 men
1125 950 1268 1013 nondum
1292 955 1403 1038 reperi
1423 955 1455 1014 in
1478 959 1565 1018 omni
1585 965 1771 1048 antiquitate

1022 1064 1144 1114 testem
1161 1052 1343 1132 sincerum,
1363 1056 1419 1140 qui
1435 1057 1548 1121 Iuliam
1566 1079 1708 1137 nostram
1728 1069 1772 1128 al·

1018 1147 1097 1240 ¹tero
1115 1153 1246 1217 nemine
1267 1157 1427 1219 Sabinum
1445 1161 1643 1241 appellaret,
1664 1188 1771 1250 acque

1025 1254 1238 1336 scriptorem,
1260 1278 1368 1342 neque
1389 1259 1540 1337 numum‚'
1563 1285 1670 1348 neque
1691 1290 1774 1330 mar·

1025 1375 1108 1417 anor.
1141 1358 1296 1440 Vulgavit
1325 1360 1458 1444 quidem
1482 1366 1679 1430 Maratorius
1708 1391 1775 1431 mo·

1025 1470 1214 1519 numentum
1237 1474 1350 1537 vetus,
1374 1462 1408 1523 iu
1433 1484 1497 1548 quo
1523 1465 1646 1550 legitur
1664 1446 1804 1532 sassts

1024 1559 1095 1621 Na,
1123 1559 1245 1635 AVG.‚
1282 1562 1370 1644 quod
1397 1564 1454 1625 ille
1481 1587 1601 1631 nomen
1627 1571 1774 1654 reliquae

1025 1659 1245 1750 inscriptionis
1266 1682 1360 1724 causa
1381 1666 1509 1727 nonnisi
1531 1668 1631 1757 Iuliae
1650 1674 1717 1734 Titi
1735 1676 1772 1736 F.

1024 1761 1202 1825 convenire
1224 1764 1385 1826 existimat
1400 1761 1444 1847 h).
1468 1760 1592 1831 Verum
1613 1772 1774 1855 epigram-

1025 1883 1076 1924 ma
1100 1861 1187 1923 istud
1215 1864 1315 1948 magis
1343 1879 1393 1928 est
1419 1869 1586 1948 mutilam,
1617 1894 1713 1956 quam
1740 1891 1775 1936 ut

1023 1963 1249 2026 auctoritatem
1275 1966 1386 2029 lacere
1414 1990 1477 2052 per
1503 1993 1538 2035 se
1564 1974 1677 2056 possit.
1713 1977 1772 2042 Vl·

1025 2078 1074 2125 tra
1107 2063 1141 2123 in
1172 2064 1254 2128 banc
1285 2087 1412 2130 causam
1444 2092 1518 2134 cum
1549 2073 1770 2159 inquirerem,

1025 2166 1173 2247 comperi
1197 2166 1355 2251 denique,
1384 2171 1523 2236 Sabinae
1544 2175 1631 2237 istud
1654 2198 1774 2239 nomen

1026 2288 1068 2329 ex
1087 2267 1210 2329 Goltzii
1229 2267 1398 2333 Thesauro
1416 2273 1449 2333 in
1467 2276 1671 2339 eruditorum
1687 2299 1774 2340 com-

1025 2369 1202 2431 mentarios
1219 2369 1366 2448 fluxisse,
1387 2377 1443 2457 qai
1457 2398 1541 2438 anus
1561 2379 1720 2452 omnium,
1738 2402 1774 2441 ae

1027 2471 1116 2532 solus
1142 2491 1257 2533 numos
1280 2485 1348 2535 tres
1372 2476 1483 2540 Iuliae
1503 2476 1648 2541 Sabinae
1673 2481 1775 2541 nerni-

1027 2591 1070 2632 ne
1090 2570 1262 2654 inscriptos
1282 2574 1436 2657 vulgavit.
1466 2577 1552 2641 Vide
1572 2579 1677 2642 simile
1697 2579 1774 2642 Gol-

1027 2671 1087 2733 taii
1105 2672 1295 2754 figmeatum
1320 2676 1497 2757 repetitum
1516 2678 1552 2738 in
1575 2679 1694 2742 Sabina
1711 2683 1774 2742 lla·

1031 2773 1135 2835 driani
1155 2792 1269 2836 uxore.
1288 2857 1290 2860 ι

1071 2873 1303 2936 Observandua
1328 2872 1363 2932 in
1388 2874 1488 2939 luliae
1516 2879 1621 2941 nuruis
1649 2879 1773 2962 duplex

1024 2976 1140 3058 eapitis
1166 2976 1281 3038 cultus.
1313 2976 1349 3034 ln
1373 2975 1443 3037 aliis
1467 2979 1575 3042 crines
1601 2984 1772 3063 compositi

1026 3091 1229 3153 summere,
1254 3098 1352 3160 quem
1372 3077 1476 3144 tenuit
1498 3083 1633 3166 utraque
1654 3085 1769 3166 Agrip·
1813 3109 1827 3129 =

1025 3178 1116 3260 pina,
1139 3178 1225 3239 nodo
1241 3178 1274 3238 in
1289 3177 1412 3240 collum
1428 3194 1519 3244 retro
1536 3182 1718 3266 pendente3
1737 3186 1770 3244 in

1026 3279 1098 3342 aliis
1116 3278 1242 3344 accedit
1266 3278 1309 3342 ad
1331 3299 1478 3359 rnorem,
1504 3304 1601 3368 quem
1621 3285 1772 3348 observa·

1027 3402 1099 3442 mus
1116 3379 1148 3440 in
1164 3380 1270 3442 numis
1284 3381 1452 3460 Plotinae,
1468 3397 1502 3446 et
1516 3385 1692 3462 sociarum,
1712 3388 1772 3448 cri·
1848 3403 1851 3407 ·

1031 3483 1121 3547 nium
1139 3483 1230 3545 cultu
1248 3494 1412 3566 turgente.
1612 3483 1617 3493 ’

1068 3733 1172 3800 Numi
1190 3733 1300 3796 Iuliae
1327 3735 1508 3816 imperante
1535 3736 1609 3801 Tito
1635 3742 1774 3821 signati.

1177 3907 1309 3973 avara.
1333 3887 1551 3976 aversan.
1574 3888 1674 3974 riri.
1697 3911 1772 3979 av-

1178 4005 1320 4075 GvsTI.
1344 4009 1381 4070 F.
1407 4010 1514 4087 Hujus
1535 4025 1646 4092 ceput.

1027 4109 1187 4176 VENVS.
1218 4110 1407 4177 AvGVs'r.
1460 4113 1573 4174 Venus
1601 4113 1772 4199 seminuda

1027 4233 1144 4274 eversu
1159 4225 1254 4274 stans
1271 4234 1297 4274 s.
1316 4214 1462 4302 hastam,
1481 4225 1514 4273 ot
1533 4213 1635 4274 simul
1650 4213 1773 4274 colum-

714 4403 749 4474 n>
770 4403 850 4459 sua.
869 4405 898 4458 a
913 4403 1021 4458 noma.
1041 4421 1066 4458 a
1081 4415 1127 4460 22.
1184 4380 1190 4396 “
1229 4399 1374 4457 aaran.
1389 4398 1450 4459 va.
1465 4398 1565 4478 apat
1582 4400 1615 4455 a.
1629 4401 1695 4460 vu.
1712 4423 1737 4462 c.
1751 4387 1803 4464 a'

441 4495 474 4565 d)
497 4496 578 4553 Suet.
594 4494 624 4550 in
641 4493 751 4549 Domit.
769 4513 793 4550 c.
813 4505 844 4551 10
860 4502 889 4548 et
902 4504 946 4554 22.
966 4492 1023 4547 Die
1036 4491 1068 4548 L.
1083 4490 1198 4553 LXVII.
1214 4492 1238 4562 p.
1249 4501 1276 4554 ὅ.

1340 4505 1343 4510 ’
1373 4491 1407 4561 e)
1428 4490 1508 4547 Suet.
1524 4490 1554 4544 in
1568 4490 1677 4547 Doluit.
1693 4510 1719 4547 c.
1731 4503 1776 4552 22.

229 4585 551 4661 Plin.opist.L.lV.tt.
655 4584 724 4652 thiu
740 4582 845 4639 Titne.
862 4595 888 4644 5.
990 4585 1022 4656 g)
1039 4581 1125 4639 Neris
1141 4579 1256 4656 Epoch.
1273 4579 1386 4655 Syrom.
1446 4579 1778 4656 ¹h)Tbes.iuscript.

230 4696 258 4748 p.
274 4690 335 4746 (ll-t.
355 4691 396 4734 te.
