4012 5370
217 480 290 551 400
849 452 1126 531 nonnata.

223 632 301 695 tium
339 648 434 692 aneso
472 628 613 712 conjuge
647 625 831 690 Domitiano
866 626 965 689 vitam
1114 622 1246 708 Quique
1271 642 1369 708 regas
1394 624 1505 689 orbem
1537 645 1614 688 eum
1643 628 1754 689 seniore

225 734 330 796 adhue
354 731 410 791 din
437 750 650 813 prorogasse,
675 728 772 812 eique
794 748 860 790 non
884 729 966 791 mul·
1197 724 1202 731 ’
1509 747 1626 793 senex.

223 849 258 897 to
285 847 359 919 post
385 846 525 894 mortem
551 845 703 915 tompore
732 834 819 910 (nam
844 829 967 893 benoli·
1003 827 1116 909 -Ergo
1134 824 1364 891 socunduslria
1378 828 1570 895 consulatus
1586 830 1756 915 intelligen-

224 936 347 1001 ciorum
373 933 531 996 memoria
554 932 610 993 sliu
632 931 751 994 durare
775 952 840 994 non
864 930 965 1011 solet)
1025 927 1085 989 dus
1104 941 1155 993 ast
1170 927 1214 1005 io,
1233 928 1292 1013 qni
1310 928 1342 992 ei
1357 929 1421 1013 jam
1439 932 1593 1015 Augusto
1612 932 1755 997 secundus

223 1061 240 1100 a
270 1035 370 1120 gratis
398 1034 526 1099 libertis
556 1033 738 1116 Polycnrpo
770 1047 804 1095 et
831 1034 966 1123 Europe
1024 1028 1102 1103 luit3
1132 1029 1254 1115 alioqui
1279 1032 1455 1095 Suetonius
1480 1052 1525 1098 aa
1551 1034 1660 1119 eapite
1681 1052 1757 1097 erte·

224 1152 423 1203 exstructum
442 1135 620 1219 templum,
647 1155 684 1197 ac
712 1135 844 1199 (lemtim
866 1138 909 1203 V.
931 1136 967 1201 (2.
1025 1131 1136 1215 quitur
1172 1132 1246 1209 illa,
1281 1154 1363 1218 quse
1398 1134 1535 1219 peregit
1569 1136 1756 1199 Domitianas

222 1239 285 1321 aar
308 1238 426 1301 dictam
448 1237 617 1320 pecuniam
640 1236 816 1318 municipio
835 1256 968 1299 concas·
1024 1232 1088 1316 jam
1116 1232 1240 1296 arbiter
1264 1232 1403 1318 imperii.
1447 1234 1564 1329 Quare
1592 1234 1758 1303 nminat

223 1363 301 1405 snm.
332 1338 496 1401 Diseimus
519 1337 615 1412 item,
641 1357 680 1399 aa
705 1358 836 1421 qnoque
861 1349 965 1400 aetate
1024 1346 1077 1396 ter
1098 1332 1153 1397 hio
1175 1348 1268 1399 nutus
1288 1347 1337 1399 est
1358 1356 1444 1399 anno
1460 1338 1505 1405 V.
1521 1338 1559 1404 C.
1578 1340 1662 1418 835,
1680 1354 1758 1427 nque

223 1442 345 1504 licitum
366 1439 466 1502 luisse
482 1437 627 1519 privatis,
643 1438 676 1498 in
693 1438 854 1511 honorem
869 1438 966 1501 etium
1025 1436 1086 1499 hau
1113 1436 1286 1501 occasione
1309 1436 1429 1501 iactum
1453 1436 1577 1518 faerit,
1605 1455 1643 1505 nt
1666 1442 1759 1505 Doni·

224 1563 354 1617 eorum,
377 1538 479 1624 quiin
498 1536 591 1601 diros
607 1540 702 1602 relati
718 1560 783 1601 non
802 1540 913 1617 luere,
931 1562 967 1604 uo
1026 1536 1102 1601 tiam
1128 1538 1307 1621 Augustam
1330 1538 1475 1617 diceret,
1503 1540 1595 1627 quod
1622 1542 1669 1606 ilri
1688 1540 1760 1607 silit

100 1712 103 1723 ,
223 1644 337 1707 saltem
356 1642 531 1704 illustrium
550 1662 780 1725 personarum,
804 1664 846 1707 ex
869 1643 969 1728 pieta·
1028 1638 1220 1717 Suetonium
1272 1652 1306 1704 et
1333 1640 1375 1703 all
1403 1641 1491 1705 hunc
1524 1664 1648 1707 annam
1673 1642 1759 1707 mter

222 1749 263 1810 tis
282 1746 411 1811 adfectu
430 1743 562 1825 erigere
579 1744 710 1827 templa.
1026 1739 1199 1805 Eusebius.
1242 1740 1434 1821 Falluntur,
1467 1742 1527 1827 qni
1553 1744 1646 1809 hana
1673 1746 1758 1809 filiun

266 1851 384 1913 Filius.
414 1844 600 1908 Domitiano
626 1866 667 1906 ax
692 1843 834 1907 Domitia
858 1857 967 1907 natum
1027 1860 1067 1903 ex
1089 1842 1173 1905 lolia
1191 1843 1259 1905 Titi
1281 1842 1347 1908 lilia
1371 1842 1564 1909 Domitiano
1590 1860 1700 1910 natant
1718 1866 1759 1910 sr-

225 1971 298 2014 esse
322 1950 444 2025 filium,
474 1960 611 2011 testatur
638 1946 814 2009 Suetonius
837 1957 882 2020 ·):
916 1950 969 2010 de-
1026 1955 1164 2019 tumant3
1202 1966 1277 2008 nans
1305 1942 1441 2009 ualebat
1465 1964 1509 2009 ex
1532 1946 1598 2013 hac
1625 1946 1759 2031 fier-ips·

224 2054 300 2113 inde
314 2070 451 2113 uxorem
465 2052 660 2122 Domitiam,
673 2069 794 2128 eaqaa
808 2051 969 2111 insecura·
1027 2056 1098 2121 ter,
1135 2044 1239 2126 jussu,
1275 2046 1537 2133 qualiacunque
1567 2038 1759 2133 conciperet,

223 2155 265 2213 do
281 2153 352 2230 sual
361 2154 538 2213 consulatu
551 2150 668 2235 filium
683 2151 826 2227 tulerat,
850 2148 971 2212 altera·
1028 2145 1152 2209 foetam
1180 2146 1333 2232 abigere,
1363 2162 1400 2210 ut
1424 2147 1456 2210 in
1482 2148 1584 2232 hujus
1608 2152 1672 2216 vita
1694 2150 1760 2213 sliri·

224 2272 285 2331 que
301 2273 387 2313 anno
408 2253 677 2315 consalutaverat
695 2253 889 2331 Augustam
905 2282 918 2298 ·
931 2285 944 2297 ·
958 2285 971 2299 ·
1028 2268 1112 2312 mur.
1149 2247 1203 2310 At
1231 2248 1335 2313 liliam
1362 2250 1523 2315 infantem
1549 2266 1588 2315 ut
1612 2266 1759 2329 rarerlsr,

224 2355 424 2433 repudiavit.
451 2354 598 2433 Apparet
622 2373 662 2413 ex
685 2349 795 2413 verbis
820 2351 968 2414 nonnihil
1029 2371 1104 2413 eum
1128 2364 1334 2434 praematura
1358 2368 1466 2417 morte
1496 2356 1710 2435 exstinetam,
1733 2366 1760 2419 rt

223 2451 366 2535 implere
387 2452 517 2534 positis,
541 2453 651 2513 locum
673 2450 759 2514 huno
785 2472 858 2514 asse
882 2452 969 2515 luxa·
1028 2464 1153 2535 epatre
1170 2451 1257 2518 inter
1273 2452 1365 2519 diros
1383 2455 1543 2535 relatam,
1561 2456 1684 2523 dotent
1699 2476 1759 2521 aaut

222 2568 309 2630 tum,
355 2552 441 2639 quod
471 2552 535 2637 jam
571 2572 736 2633 agnovere
771 2567 968 2617 commenta·
1026 2552 1135 2629 numi,
1164 2567 1233 2617 tam
1256 2554 1356 2617 sitim
1379 2556 1511 2623 Italicus
1533 2559 1585 2644 d),
1623 2562 1676 2647 qui
1700 2578 1759 2623 run

223 2667 323 2718 tores.
363 2653 459 2716 Addo
486 2651 653 2716 historiam
679 2654 780 2737 ipsam
806 2655 878 2719 lieri
903 2678 968 2719 am·
1025 2653 1211 2718 Domitiano
1235 2657 1398 2722 coelestes
1423 2660 1574 2725 honores
1602 2660 1759 2748 praedicit,

223 2757 372 2841 biguam,
402 2770 436 2819 et
460 2755 609 2818 inductos
633 2756 733 2819 luisse
759 2757 792 2819 in
820 2758 967 2822 fraudem
1027 2755 1095 2819 filio
1124 2756 1221 2839 etium
1245 2772 1368 2822 certam
1387 2762 1421 2821 in
1438 2758 1586 2847 Olympo
1607 2764 1760 2831 sannone·

224 2859 314 2921 viros
337 2859 485 2922 eximios.
516 2860 597 2921 Nam
623 2857 651 2920 ui
675 2858 777 2923 rerba
799 2864 835 2922 in
855 2884 968 2924 seeun-
1028 2856 1192 2945 adsignat,
1212 2859 1384 2923 nimirum:

223 2966 266 3024 do
288 2984 348 3023 sao
369 2962 547 3024 consulatu
571 2973 737 3022 sumantur
757 2960 882 3046 rigide,
915 2962 969 3027 hic
1352 2962 1507 3045 solioque
1528 2966 1694 3051 Quirinus

224 3063 402 3126 Domitiani
437 3061 523 3122 {llius
554 3074 646 3122 natus
674 3076 724 3124 est
751 3087 834 3127 anno
868 3068 909 3130 V.
930 3066 966 3130 C.
1073 3062 1250 3142 concedes,
1272 3066 1481 3146 mediamque
1493 3086 1635 3149 parens,
1648 3070 1760 3152 frater·

144 3182 150 3193 ·
225 3165 306 3241 auo,
347 3184 412 3247 quo
447 3175 539 3244 pater
571 3162 774 3226 Domitianus
808 3168 969 3251 processit
1474 3186 1541 3249 que
1557 3170 1724 3249 locabant,

227 3263 340 3327 consul
363 3266 422 3340 11.,
455 3265 488 3324 in
516 3284 577 3346 qua
606 3264 759 3346 opinione
784 3266 846 3329 suit
870 3270 967 3332 etiam
1072 3264 1270 3329 SIDEREI
1291 3266 1394 3347 juata
1419 3270 1607 3336 radiabunt
1632 3286 1758 3356 tempora

226 3365 456 3429 'l'illemontius
479 3364 522 3448 ¹³).
572 3365 616 3427 At
645 3364 732 3427 enim
763 3380 887 3431 certum
919 3385 969 3435 est
1479 3372 1569 3437 uati.

226 3489 266 3532 ex
285 3466 445 3544 Martiali,
472 3488 546 3529 oum
563 3480 671 3529 natum
691 3489 763 3531 esse
783 3483 870 3548 tum,
894 3493 967 3535 cam
1027 3466 1121 3531 Adde
1140 3469 1233 3533 Statii
1249 3468 1471 3534 testimoniam
1486 3472 1547 3557 *ῦς1

225 3569 429 3634 Domitianus
457 3568 521 3652 jam
554 3583 640 3632 esset
665 3572 839 3654 Augustus.
886 3575 967 3639 Nam
1378 3584 1441 3635 tua
1456 3576 1559 3639 turba
1573 3576 1689 3641 relicto

198 3672 273 3735 'sic
301 3693 376 3736 eum
400 3692 519 3736 recens
547 3670 580 3733 iu
609 3671 715 3735 lucem
746 3672 853 3738 datum
882 3676 969 3739 adfa-
1069 3673 1217 3737 Laborat
1254 3672 1365 3751 coeio,
1409 3678 1629 3759 miscebitque
1660 3674 1756 3743 ousta

225 3787 280 3837 tur
301 3784 347 3851 ο)ε
1305 3802 1314 3821 ¹
1483 3780 1600 3859 jueta.

270 3874 415 3940 Nascere
431 3876 606 3937 Dardanio
629 3878 827 3956 promissum
852 3900 968 3957 noman
1070 3876 1193 3941 [bitin
1213 3876 1386 3959 ampiexus
1402 3874 1585 3958 NATVS,
1595 3880 1753 3965 statem

726 3977 818 4056 Iulo,
943 4044 952 4061 .
1486 3994 1663 4065 paterque,

314 4082 403 4144 Vera
423 4079 517 4140 deum
535 4077 679 4154 soboles,
702 4099 834 4143 nascere
854 4102 971 4165 magne
1071 4082 1118 4145 Et
1132 4102 1238 4149 sarar.

724 4202 817 4263 pater.
1030 4180 1516 4277 Quouunumortunsrit,non
1531 4200 1664 4253 onustat.
1682 4184 1748 4247 ru·

273 4285 336 4347 Cui
345 4295 443 4366 pater
455 4293 610 4343 aeternas
616 4294 694 4364 past
706 4285 844 4347 saecula
857 4287 972 4348 tradat
1027 4284 1119 4347 numi
1139 4285 1296 4353 infantem
1315 4300 1523 4373 proponunt,
1547 4307 1660 4357 vernn
1680 4280 1746 4371 qual

724 4383 886 4461 habenas,
1028 4387 1060 4451 ei
1073 4408 1193 4453 nomeu
1210 4390 1327 4469 fuerit,
1349 4388 1564 4455 dissimulant.

222 4526 1744 4555 -—--------—-----—-.-.......-

265 4599 295 4667 u)
317 4597 433 4671 (Σαμᾶ.
534 4596 570 4668 b)
589 4597 673 4655 Tom.
686 4595 722 4653 ΙΙ.
739 4596 816 4653 Part.
831 4600 853 4655 1.
872 4598 975 4675 proi.
1077 4602 1109 4673 a)
1128 4602 1161 4662 L.
1174 4602 1239 4665 vlt
1253 4601 1346 4681 epigr.
1359 4616 1386 4669 ³.
1490 4600 1525 4677 d)
1545 4580 1742 4665 Puniusffll.

228 4688 290 4747 ota.
389 4688 420 4756 e)
440 4686 472 4743 L.
494 4685 513 4742 1.
534 4684 603 4742 silv.
623 4684 645 4744 Ι.
665 4698 708 4758 99.
