4012 5370
908 504 943 574 N
951 501 1079 575 ERO.
1696 524 1764 591 231

220 670 396 732 Suetonius
423 672 468 748 ⁸),
509 671 564 753 qui
599 671 830 735 confirmantur
864 670 965 736 lastis.
1024 670 1232 746 Oeconiano,
1269 683 1342 755 post
1365 670 1427 732 alia
1453 671 1584 734 nomina
1608 675 1767 757 sequitur.

219 772 393 863 Quintum,
420 791 516 854 quem
534 772 622 835 idem
640 774 723 837 infra
741 788 900 837 memorat
921 772 965 852 Ι’),
1024 772 1135 863 Quare
1152 772 1285 834 dubium
1303 792 1371 834 nen
1387 784 1454 847 est,
1480 792 1596 835 numos
1613 770 1674 839 hos
1694 796 1769 840 esee

217 895 284 936 non
307 887 460 936 accenset
481 875 665 956 prioribus,
699 877 773 960 qaia
794 878 966 939 tumultua-
1022 876 1165 939 Neronis
1194 875 1351 957 Augusti,
1385 893 1450 935 non
1479 874 1636 938 Caesaris.
1682 877 1768 940 Sane

218 979 315 1041 rium.
354 976 434 1036 Nam
457 997 530 1037 cum
554 977 696 1041 educere
725 979 906 1042 exercitum
930 977 986 1038 in⁴
1024 978 1134 1053 Titus,
1163 976 1314 1061 quamdiu
1334 976 1455 1038 Caesar
1476 973 1557 1049 fuit,
1579 975 1683 1040 dictus
1702 998 1770 1041 non

219 1078 365 1141 rebelles
390 1091 541 1158 pararet,
569 1081 722 1141 consules
744 1092 822 1142 onte
843 1093 969 1159 tempus
1027 1092 1078 1141 eat
1106 1081 1192 1139 lMP.
1226 1078 1375 1152 TITVS,
1415 1074 1476 1139 sed
1507 1079 1649 1143 TITVS.
1679 1082 1771 1144 IMP.

215 1187 361 1260 priuauit
383 1181 521 1251 honore,
546 1192 645 1256 atque
667 1181 702 1242 in
723 1184 896 1256 utriusque
922 1181 969 1240 lo·
1026 1182 1183 1255 Accedit,
1221 1199 1337 1241 numos
1368 1178 1492 1240 similes
1519 1199 1634 1242 omnes
1667 1182 1771 1264 aigna-

220 1302 294 1342 cum
330 1281 422 1341 solus
452 1283 532 1339 iniit
567 1281 786 1342 consulatum.
831 1280 967 1342 Factum
1024 1295 1076 1345 tos
1096 1281 1196 1344 fuisse
1214 1280 1407 1342 Antiochiae
1428 1280 1560 1362 Syriae,
1584 1301 1696 1362 patum
1719 1301 1771 1344 er·

219 1381 305 1444 istud
321 1380 456 1462 Pighius
474 1394 587 1441 censet
607 1394 761 1444 currente
784 1381 890 1445 adhuc
913 1401 968 1444 au·
1025 1404 1069 1468 go
1091 1397 1192 1447 testes
1214 1382 1354 1444 idoneos
1381 1381 1459 1444 facti
1485 1382 1652 1457 historici,
1681 1383 1771 1467 quod

220 1502 265 1545 ao
280 1483 366 1548 Ἠ).
378 1500 453 1562 720.
476 1486 518 1541 At
534 1483 643 1544 verius
659 1483 692 1543 id
707 1482 864 1547 accidisse
882 1502 967 1546 anno
1026 1499 1059 1547 et
1076 1486 1164 1547 numi
1182 1484 1286 1560 urhis,
1308 1498 1341 1547 et
1360 1482 1509 1546 historici
1525 1483 1677 1548 reticent.
1705 1485 1773 1548 Nu·

219 1596 378 1667 sequente
407 1604 481 1644 cum
505 1584 717 1646 Tillemontio
750 1585 966 1659 crediderim
1024 1567 1098 1650 mud
1125 1579 1210 1650 alter
1238 1599 1352 1667 suapte
1381 1584 1775 1662 adversaturBimardo,

219 1707 293 1747 nam
321 1684 499 1748 verisimile
523 1707 590 1747 nou
612 1701 680 1761 est,
709 1687 857 1751 Vindicis
877 1686 968 1749 defe-
1025 1709 1098 1751 natu
1130 1707 1191 1769 per
1221 1686 1366 1748 additum
1399 1686 1502 1757 ΔΥΕ.
1530 1707 1597 1748 non
1625 1689 1690 1770 jam
1721 1701 1783 1750 eat¹
1896 1723 1898 1727 ·

220 1787 361 1850 ctionem
387 1788 536 1852 evenisse
567 1802 641 1849 ante
670 1810 786 1849 annum
814 1801 966 1870 coeptum
1025 1787 1173 1852 Caesaris
1192 1787 1351 1862 Neronis,
1379 1785 1439 1848 sed
1456 1787 1605 1869 Augusti.
1646 1786 1774 1852 Adver-

222 1889 408 1966 V.C.8ar,
431 1904 464 1952 et
486 1890 604 1951 sactum
629 1889 715 1951 istud
731 1890 791 1952 auh
807 1891 971 1973 principa·
1023 1905 1078 1967 to,
1112 1888 1302 1952 Bimardum
1335 1887 1424 1950 hunc
1453 1909 1586 1949 numum
1616 1888 1777 1951 recitasse

221 2003 271 2052 tos
293 1989 391 2053 finem
412 1992 514 2053 innuit
530 1991 656 2053 Plinius
672 1992 736 2071 jun.
754 1993 795 2072 ο),

1025 2094 1125 2168 didit,
1155 2093 1215 2154 sed
1246 2089 1419 2174 protulisse
1451 2112 1491 2150 ex
1522 2089 1644 2152 iudicio
1669 2090 1773 2171 Pagtt.

1025 2195 1174 2257 Similem
1203 2193 1301 2256 alium
1326 2191 1413 2252 idem
1439 2189 1531 2252 Occu
1558 2190 1621 2270 jam
1652 2191 1776 2253 descri-

1024 2298 1089 2380 psit
1105 2297 1192 2359 inter
1210 2315 1327 2381 numos
1346 2291 1488 2359 Neronis
1508 2292 1664 2375 pag.118.
1688 2292 1775 2355 Sunt

1023 2400 1059 2461 hi
1072 2398 1162 2462 nutui
1179 2397 1329 2462 coloniae
1348 2396 1513 2468 incertae,
1543 2413 1682 2476 queram
1704 2406 1780 2457 tres
1802 2460 1806 2470 ¹

462 2179 722 2255 Imperator.

283 2295 452 2359 Neronem
489 2295 594 2358 adhuc
628 2298 800 2361 Caesarem
836 2296 965 2358 titulum

221 2397 443 2479 imperatoris,
475 2410 624 2480 tanquam
649 2399 786 2463 Claudio
810 2400 844 2460 in
863 2399 966 2480 impe-

1024 2014 1089 2055 nou
1111 1995 1260 2078 inspecto
1280 1988 1441 2062 Quone,
1463 1989 1518 2071 qui
1535 2011 1571 2049 ro
1592 1988 1692 2052 AV&
1717 1989 1789 2081 ad·¹
1892 1985 1908 2006 ”

220 2499 270 2559 rio
292 2499 467 2572 sociatum,
495 2513 527 2560 et
558 2501 647 2562 velut
671 2501 819 2584 proxime
844 2500 964 2575 Titum,

220 2601 353 2675 tulisse,
389 2599 535 2664 adfirmat
564 2602 736 2663 Bimardns
764 2598 807 2682 d).
855 2603 964 2677 Numi,

223 2701 338 2784 quibos
359 2701 491 2774 nititur,
515 2716 589 2764 sunt
606 2716 797 2801 scopentes:

384 2804 518 2867 NERO.
546 2806 672 2873 CLAV.
698 2805 881 2871 CAESAR.
905 2809 966 2869 llll.

384 2904 528 2968 Neronis
533 2912 649 2990 facies
665 2929 739 2970 cum
759 2910 855 2971 lituo.

221 3004 253 3066 S.
268 3004 304 3065 (ἰ.
327 3007 366 3065 t'n
386 3026 510 3068 corono
528 3013 646 3072 ciuica.
678 3010 747 3070 ΑΕ.
766 3010 875 3089 (Occu
891 3031 964 3094 pag.

1023 2502 1153 2563 suntin
1176 2518 1289 2561 museo
1306 2499 1485 2570 Caesareo,
1512 2507 1547 2558 et
1572 2517 1589 2557 a
1612 2515 1680 2570 me,
1711 2492 1770 2557 sed

1023 2601 1130 2664 vitatis
1163 2599 1309 2665 Occooia
1337 2595 1506 2660 erroribus
1545 2594 1703 2677 descripti
1735 2595 1769 2654 in

1024 2703 1180 2783 catalogo
1201 2701 1306 2763 musei
1324 2697 1477 2761 Caesarei
1494 2716 1567 2778 pag.
1583 2714 1653 2757 tra.

1087 2804 1303 2881 Imperatoris
1330 2798 1426 2861 titulo
1454 2810 1605 2879 tanquam
1633 2813 1773 2878 praeno·

1024 2903 1111 2965 mine
1134 2903 1325 2985 frequenter
1342 2901 1375 2961 in
1395 2897 1500 2960 numia
1519 2919 1595 2960 usus
1613 2908 1664 2958 eat
1678 2896 1774 2957 Nero

1024 3007 1200 3088 Augustus.
1238 3004 1442 3065 Honoratum
1471 2999 1570 3063 etiam
1597 3002 1773 3078 imperata·

1024 3110 1072 3168 ris
1092 3104 1224 3167 nemine
1247 3128 1265 3168 a
1286 3103 1450 3178 victoriis,
1472 3101 1616 3164 reticent
1638 3095 1771 3183 quidem

1023 3209 1131 3283 numi,
1154 3206 1214 3269 scd
1230 3205 1408 3289 prodidere
1429 3205 1624 3287 scriptores,
1649 3213 1683 3263 et
1703 3198 1774 3283 qui·

224 3108 310 3185 us)

386 3208 595 3272 OCTthh.
631 3209 730 3274 AVG.
759 3211 797 3273 F.
831 3211 965 3276 NERO:

387 3310 547 3375 CLAVD.
583 3311 705 3376 CAES.
736 3311 841 3379 ΜΘ.
878 3314 975 3377 tttPr
1026 3311 1100 3374 dem
1125 3324 1217 3392 capta
1246 3331 1264 3371 a
1290 3307 1478 3371 Corbulone
1507 3308 1658 3368 Artaxata
1685 3312 1775 3363 teate

386 3414 464 3473 Duo
485 3415 616 3492 capita,
642 3416 741 3476 virile
757 3428 790 3476 et
809 3415 968 3476 muliebre
1027 3415 1142 3475 Tacito
1162 3410 1200 3493 f).
1229 3409 1316 3502 Quin
1343 3430 1384 3471 ex
1405 3406 1602 3471 Corbulonis
1624 3400 1772 3466 victoriis

388 3535 463 3574 cam
481 3518 570 3574 notis
588 3514 670 3575 solis
685 3527 718 3574 ct
736 3515 848 3580 lunae.
1026 3513 1155 3596 saepius
1173 3530 1246 3572 eum
1268 3510 1437 3572 salutatum
1454 3509 1688 3589 imperatorem
1708 3514 1773 3563 tra·

223 3616 348 3677 Aversa
363 3635 430 3675 non
448 3614 654 3679 describitur.
678 3616 785 3697 (Occo
808 3615 943 3698 pnes.)
1027 3616 1075 3678 dit
1096 3613 1280 3696 xiphilinus
1308 3631 1350 3673 ex
1376 3609 1484 3671 Diona
1511 3609 1554 3688 tt).
1594 3603 1771 3668 Suetonius

284 3717 414 3778 Neuter
444 3737 560 3778 numus
583 3717 634 3791 id,
659 3719 746 3800 qnod
773 3718 895 3781 adserit
915 3718 969 3778 Bi·
1025 3716 1168 3781 eundem
1192 3713 1241 3776 illi
1262 3711 1422 3789 honorem
1443 3709 1587 3773 habitum
1610 3705 1669 3781 ait,
1696 3723 1771 3767 cum

224 3816 374 3891 mardos,
404 3818 530 3900 prohat.
567 3820 664 3880 Numi
687 3821 807 3901 prioris
830 3833 969 3905 quatuor
1026 3823 1152 3881 Romae
1174 3812 1352 3875 Tiridatem
1375 3811 1550 3874 Armeniae
1578 3827 1694 3892 regem
1724 3827 1773 3870 sa·

223 3920 470 4002 exemplarent
495 3920 528 3980 in
551 3940 664 3981 museo
689 3922 869 3996 Caesareo,
903 3941 970 3983 om·
1004 3919 1157 3993 letavit,
1180 3917 1277 4001 eique
1295 3911 1445 3977 diadema
1461 3912 1616 3996 imposuit
1629 3907 1673 3990 ΙΙ).
1703 3910 1773 3969 tte-

223 4042 281 4083 nea
299 4021 464 4103 inscripti:
488 4024 548 4085 tut.
567 4021 701 4084 NERO.
720 4023 847 4090 CLAV.
869 4024 971 4083 ΒΑΕ·
1027 4019 1204 4082 dioharhus
1225 4037 1301 4080 eum
1324 4027 1502 4099 tenusque
1524 4013 1564 4077 ad
1589 4025 1772 4076 extremam

223 4123 326 4195 SAR,
366 4134 400 4184 et
432 4123 507 4185 talis
541 4138 592 4184 est
621 4124 717 4187 etiam
751 4124 835 4207 apud
864 4127 970 4207 Bege-
1027 4124 1238 4185 acclamatum
1281 4119 1513 4202 imperatorem
1560 4110 1770 4198 pronunciat,

223 4245 296 4286 ram
318 4228 359 4304 ‘l
397 4225 491 4305 Ergo
519 4226 553 4285 in
580 4224 689 4286 uumis
716 4225 779 4288 rite
809 4226 904 4289 lectis
934 4247 969 4285 re
1026 4243 1151 4307 eosque
1176 4240 1332 4283 numeros
1355 4241 1418 4304 per
1441 4218 1550 4282 varios
1575 4214 1646 4296 ejus
1670 4232 1773 4281 annos

225 4326 312 4388 111’.
335 4339 387 4389 eat
410 4347 628 4408 praenomen,
662 4345 728 4390 nen
750 4347 849 4403 rere,
879 4341 915 4388 ut
935 4327 970 4387 in
1028 4325 1166 4408 digerit,
1193 4337 1224 4386 at
1243 4322 1342 4385 nullis
1363 4332 1532 4404 praeterea
1555 4315 1778 4380 monumentis

263 4629 443 4704 aicaptt,
524 4631 559 4699 h)
581 4629 709 4705 Captis.
789 4629 1004 4702 c)Panog.57.
1080 4620 1559 4698 d)1t.h.‘t.x11.tteru.p.ses.
1635 4619 1666 4689 e)
1685 4616 1776 4674 Thes.

227 4716 489 4795 aethneas.
564 4718 829 4788 tinnuxttttr.
906 4721 938 4795 g)
957 4714 1086 4779 L.1.tttt.
1101 4726 1145 4779 23.
1218 4712 1253 4786 h)
1276 4712 1404 4788 Capti.

270 4829 362 4908 (rot.
382 4831 459 4912 Vt.)

1440 4820 1512 4880 Nn
