3998 5340
787 415 837 487 n.
870 410 1197 490 auronius.
1497 452 1501 462 ·
1725 435 1772 501 ῃ

220 583 285 647 fert
314 583 507 658 Plutarchus
522 591 569 661 ⁶),
607 581 654 644 'in
681 583 827 647 Antonio
863 584 964 650 fuisse
1021 586 1162 667 quoram
1189 582 1368 668 perniciem
1387 584 1644 668 conjurarent,
1683 586 1769 653 surm

220 687 441 751 excellentem
474 684 636 770 mudum
670 681 797 748 tornae
830 685 965 770 dignita·
1022 699 1111 770 ptum
1131 685 1242 748 luisset
1260 688 1464 768 supplicium.
1485 689 1660 754 Praeclare
1680 690 1767 752 istud

220 805 304 865 tem,
326 811 420 874 quam
439 789 538 852 etiam
554 781 725 867 adjurabat
745 787 848 848 bor-bo
869 803 967 865 quoe·
1023 785 1232 849 cerulis-matur
1250 807 1306 861 co,
1328 788 1419 871 quod
1434 791 1563 869 expleta
1582 811 1643 874 per
1663 792 1767 867 Bruti,

220 893 296 952 dum
312 896 523 972 generosior,
553 906 667 971 nuque
686 908 736 959 τις
754 882 806 947 oin
827 883 965 972 siqrrrnr.
1023 903 1057 950 et
1087 889 1189 950 Cassii
1218 883 1350 964 necem,
1387 910 1469 975 quae
1497 910 1581 952 anno
1610 906 1767 974 sequente

220 992 348 1058 Verum
380 990 463 1052 haec
491 988 562 1050 laus
591 985 691 1049 luerit
719 985 806 1051 forte
833 987 968 1052 Antonii
1003 990 1179 1075 contigit,
1201 988 1343 1053 vindicta
1357 988 1399 1052 sd
1413 990 1537 1052 cultum
1554 990 1700 1074 priorem
1720 1012 1773 1054 rc·

219 1092 365 1176 juvenis,
395 1109 471 1152 uam
500 1087 727 1152 adolescentes
752 1089 892 1153 Romani
919 1091 969 1154 nl·
1024 1091 1121 1171 divit,
1143 1091 1231 1176 quod
1247 1077 1408 1156 testantur
1423 1091 1513 1153 numi
1530 1112 1614 1155 auno
1629 1111 1769 1177 sequen·

219 1207 270 1257 tra
293 1194 400 1276 ipsum
424 1191 522 1255 etiam
544 1189 658 1254 aetatis
676 1211 793 1254 anuum
808 1192 879 1257 Xll.
896 1191 969 1255 bar·
1024 1207 1057 1257 te
1077 1194 1139 1278 7¹3
1158 1193 1290 1275 signati,
1316 1193 1372 1278 qui
1397 1193 1468 1275 ejus
1493 1213 1593 1278 genas
1612 1193 1677 1277 jam
1703 1191 1770 1254 lae·

221 1294 295 1357 barn
318 1294 410 1357 alere
431 1305 506 1360 sunt
526 1292 632 1370 soliti,
662 1307 698 1355 ut
724 1292 883 1377 prolixius
910 1293 967 1358 do·
1020 1317 1081 1362 res
1101 1295 1271 1371 exhibeut3
1286 1295 1401 1379 'neque
1422 1295 1578 1378 deinceps
1600 1293 1769 1357 barbatum

221 1396 305 1461 cebo
328 1395 361 1455 in
385 1395 490 1456 numia
511 1395 651 1478 Augusti
673 1394 715 1457 ad
735 1416 854 1458 aunum
872 1396 913 1462 V·
928 1396 964 1464 C.
1023 1398 1133 1463 videas
1148 1397 1324 1459 Antonium
1340 1396 1512 1473 innotuis,
1530 1396 1585 1480 qui
1603 1416 1664 1478 per
1679 1408 1770 1459 certa

220 1519 294 1580 ⁷¹7·
333 1494 459 1559 Eodem
486 1509 570 1559 teste
599 1495 777 1560 Plutarcho
805 1495 838 1579 ¹³)
865 1496 966 1558 Anto·
1021 1499 1140 1562 indicia
1167 1498 1344 1583 posteriori
1368 1498 1506 1582 cuipiam
1538 1516 1622 1560 anuo
1649 1495 1770 1559 deben-

220 1600 291 1661 uius
320 1612 394 1681 post
422 1595 548 1660 cladem
575 1598 794 1661 Mutinensem
823 1618 965 1674 comam,
1022 1614 1087 1666 tur.
1118 1601 1171 1662 Ad
1187 1602 1270 1663 hauc
1289 1621 1502 1662 causnmcum
1520 1618 1586 1662 nou
1608 1597 1685 1661 satis
1704 1598 1769 1659 ani·

219 1700 416 1784 barbamque
440 1697 602 1782 promisit.
641 1697 708 1760 Sed
731 1697 818 1761 istud
844 1698 966 1763 iactum
1022 1716 1112 1764 mum
1142 1701 1353 1765 adverterent
1382 1699 1519 1775 eruditi,
1558 1697 1697 1776 iactum,
1734 1712 1769 1760 ut

219 1815 270 1864 est
293 1801 472 1884 praesentis
495 1800 602 1862 luctus
628 1820 740 1875 caasa,
765 1821 863 1883 quem
888 1819 965 1862 mox
1022 1823 1122 1886 saepe
1139 1823 1255 1866 numos
1273 1801 1409 1863 Antonii
1430 1799 1556 1866 barbati
1577 1800 1669 1862 aunis
1693 1821 1768 1862 con·

215 1902 402 1967 abstersit
392 1902 471 1964 suita
497 1922 571 1964 curn
599 1899 795 1978 Octaviano,
827 1901 964 1986 aliisque
1023 1904 1244 1991 sequentibus,
1260 1902 1416 1965 imberbis
1432 1923 1515 1965 anno
1529 1900 1694 1985 praesenti
1710 1900 1770 1962 ini·

217 2002 374 2067 ducibus
390 2002 575 2066 concordia
620 2003 748 2067 Cum
737 2025 801 2085 jam
835 2002 964 2087 pridem
1023 2029 1088 2095 que
1106 2007 1329 2124 adfigerent.

215 2104 302 2188 apud
323 2107 488 2167 Romanos
512 2125 583 2165 snos
601 2103 805 2181 invaluisset,
835 2119 872 2167 ut
894 2105 967 2168 ban
1385 2104 1405 2145 ⁴
1490 2149 1510 2186 „

217 2207 293 2269 bam
316 2206 473 2269 raderent
494 2206 685 2269 testantibus
710 2204 810 2268 istud
819 2186 966 2269 ltsculen·
1185 2212 1231 2275 Μ.
1243 2206 1480 2276 ANTONIVS.
1491 2204 1768 2271 lllVIR.R.P.C.

217 2324 251 2372 te
276 2309 399 2384 numia,
426 2309 461 2368 iu
491 2306 606 2391 quibus
635 2307 752 2391 passim
776 2306 917 2371 rideas
907 2326 966 2368 sm·
1187 2314 1302 2375 addito
1321 2314 1358 2374 in
1374 2312 1455 2372 aliis
1473 2305 1593 2385 AVG„
1622 2308 1677 2370 vel
1699 2308 1770 2386 ejus
1818 2288 1825 2297 ’

217 2410 338 2475 berbes
363 2409 551 2493 propositos
574 2411 766 2472 Marcellum
792 2409 964 2494 quinquies
1186 2417 1257 2478 viee
1277 2414 1375 2476 lituo.
1408 2412 1515 2494 Caput
1536 2409 1687 2472 Antonii
1711 2429 1770 2469 nu·

189 2512 406 2588 consulem,
443 2510 594 2573 Coelium
629 2512 784 2589 Cnidum,
822 2512 965 2589 Sullam,
1187 2517 1264 2577 dum
1285 2514 1469 2577 barbatam.

219 2615 356 2699 ejusque
382 2616 418 2675 iu
443 2613 614 2677 consulatu
637 2613 799 2697 collegam
824 2615 966 2697 Pompe·
1024 2614 1059 2677 C.
1085 2614 1268 2683 cnesnlt.
1297 2614 1430 2682 IIIVIR.
1458 2615 1498 2674 R.
1524 2613 1562 2676 P.
1587 2594 1625 2678 C.
1661 2612 1769 2694 Caput

216 2717 285 2801 jum
313 2715 451 2792 Bolum,
485 2715 679 2797 Pompejum
703 2718 769 2790 M„
802 2718 826 2777 1.
852 2716 966 2776 Caesa·
1028 2718 1209 2781 Octaviani
1225 2717 1552 2779 rocambarbaram.
1574 2713 1767 2796 AV·(Mus.

179 2819 187 2831 “
218 2839 310 2892 rem,
329 2817 443 2901 quaeri
460 2815 533 2896 jure
553 2829 674 2897 potest,
694 2832 776 2898 quae
795 2834 891 2876 causa
908 2813 964 2890 sit,
1024 2817 1135 2895 Caes.)

220 2941 282 2983 cur
305 2920 403 2980 modo
427 2916 489 2978 riri
509 2918 633 2977 Rornae
654 2914 814 2989 illustres,
836 2916 883 2976 M.
892 2917 968 2973 .·Au
1186 2915 1317 2980 IllVIR.
1338 2914 1378 2973 R.
1397 2913 1435 2977 P.
1456 2913 1492 2977 C.
1525 2912 1633 2993 Caput
1655 2912 1771 2972 mulie·

218 3020 344 3095 tonius,
389 3019 467 3082 Sex.
504 3016 701 3099 Pompeius,
747 3018 794 3080 M.
827 3016 965 3091 Brutus,
1187 3016 1243 3077 bre
1263 3016 1417 3077 relatum.

219 3120 436 3196 Octavianus,
476 3118 640 3201 Lepidus,
679 3118 842 3180 Domitius
880 3115 966 3177 Ahe·
1023 3117 1069 3181 M.
1089 3113 1315 3182 ANTON-
1331 3111 1515 3179 CAESAR.
1539 3114 1639 3175 Duos
1656 3115 1769 3175 dexte·

217 3222 401 3298 uobarbus,
441 3220 624 3296 Labienus,
660 3235 697 3282 nt
725 3221 815 3282 numi
845 3218 964 3282 iterum
1023 3239 1081 3279 roe
1111 3218 1289 3280 caduceum
1316 3221 1495 3292 sustinent.
1536 3211 1636 3307 Quin.
1664 3214 1766 3296 (Mus.

217 3326 358 3402 docent,
386 3321 519 3387 barbam
545 3320 767 3406 promiserint.
797 3316 878 3403 Ejus
900 3341 965 3404 ego
1023 3319 1134 3401 Caes.)

217 3427 354 3490 instituti
371 3423 464 3489 aliam
481 3445 610 3488 causam
626 3444 692 3485 non
707 3425 852 3506 reperio,
869 3444 964 3507 quam
1185 3420 1232 3481 M.
1249 3416 1414 3481 ANTON.
1430 3417 1519 3481 IMP.
1542 3415 1608 3480 vel:
1629 3418 1675 3480 M.
1693 3415 1767 3476 AN·

218 3530 290 3591 aliis
303 3526 388 3590 istud
403 3525 540 3589 suasisse
554 3526 676 3588 luctum
691 3526 774 3608 reip.
786 3517 963 3608 publicum,
1186 3518 1288 3583 TON.
1305 3516 1401 3583 COS.
1417 3517 1508 3583 IMP.
1524 3516 1656 3591 Lituus,
1671 3535 1769 3598 proe-

220 3631 312 3713 cujos
330 3629 414 3691 inira
432 3627 465 3689 in
483 3629 632 3710 Augusto
650 3628 782 3712 copiosa
798 3627 963 3711 proferam
1175 3623 1380 3703 firicolum,
1403 3639 1530 3682 corvus.

219 3729 420 3806 testimonia,
453 3728 525 3790 aliis
554 3728 714 3792 vindictae
742 3729 784 3793 de
814 3728 961 3791 hostibus
1019 3728 1069 3793 M.
1084 3724 1229 3790 LEPID.
1246 3722 1333 3786 lMP.
1354 3721 1422 3783 vel:
1442 3721 1489 3784 M.
1505 3717 1649 3782 LEPlD.
1668 3715 1766 3781 008.

218 3832 395 3896 sumendae
415 3829 573 3906 studium,
596 3830 687 3913 cujus
706 3831 834 3893 illustre
853 3851 963 3894 exem·
1020 3829 1110 3894 lMP.
1132 3826 1373 3908 Copedrcrrculo,
1390 3820 1614 3904 aspergillum,
1631 3821 1767 3900 secespi·

218 3937 309 4020 plum
330 3933 371 3998 de
389 3935 414 3998 1.
432 3933 573 3996 Caesare
596 3932 702 3996 refert
725 3933 961 4015 santonicae),
1020 3945 1074 4008 to,
1091 3949 1188 4013 apex.
1209 3932 1245 3991 lu
1258 3925 1411 4004 denariis,
1428 3923 1481 3988 rel
1497 3920 1662 4008 quinariis.
1679 3923 1766 4006 (Mo-

218 4036 325 4101 audite
361 4055 437 4099 eunt
464 4032 571 4097 clade
609 4035 776 4099 Tituriana
812 4033 960 4111 barbam,
1018 4029 1123 4112 nelli.)

219 4139 418 4223 capillosque
438 4136 653 4214 summisisse,
674 4157 737 4200 nee
758 4151 851 4200 antea
872 4137 961 4200 dern-
1083 4132 1209 4196 Omitto
1238 4128 1389 4194 denarios
1417 4125 1515 4201 alios,
1545 4125 1602 4206 qui
1631 4123 1765 4210 lllviros

218 4243 340 4325 psisse,
384 4260 480 4323 quam
513 4237 717 4304 vindicasset.
760 4239 888 4302 Eodem
926 4253 960 4302 et
1018 4235 1161 4311 socient,
1195 4233 1328 4317 cognito
1354 4231 1418 4315 jem
1448 4238 1653 4310 argumento.
1692 4225 1765 4285 'l'ri-

220 4343 377 4408 Antonius
402 4340 542 4405 consilio
565 4341 687 4405 tamdiu
709 4339 843 4404 barbam
864 4341 964 4405 nutri·
1021 4338 1164 4401 bnuntur
1190 4334 1334 4397 Antonio
1361 4330 1574 4393 instrumenta
1596 4327 1764 4409 auguralia

220 4447 321 4523 reris,
357 4445 464 4509 donee
497 4443 538 4507 de
570 4445 718 4508 Caesaris
750 4442 892 4519 sicariis,
930 4442 963 4504 in
1022 4440 1142 4525 quippe
1162 4437 1287 4520 auguri.
1316 4432 1409 4527 Quae
1433 4448 1529 4494 causa
1551 4449 1686 4493 corvum
1710 4451 1764 4491 an·

222 4562 1763 4605 *M

254 4675 283 4740 a)
302 4667 336 4727 Iu
355 4659 464 4725 hoton.
479 4687 508 4743 p.
521 4680 582 4739 917.
600 4669 635 4729 C.
652 4665 660 4675 '
710 4669 745 4740 b)
765 4667 837 4725 ibid.
855 4689 884 4746 p.
898 4678 963 4741 923.
979 4665 1014 4724 C.
1086 4667 1119 4737 c)
1138 4664 1168 4720 iu
1182 4663 1205 4720 1.
1222 4661 1309 4722 Cues.
1324 4682 1349 4721 c.
1361 4665 1405 4727 67.
