4012 5370
216 436 290 522 ,94
813 416 1171 493 stramenve.

218 596 402 676 Imperator
415 608 510 671 eques
523 590 716 667 adloquitur
730 589 866 653 milites.
890 587 961 652 stt.
1018 601 1088 651 tum
1116 598 1269 653 narrante
1294 588 1473 673 Eutropio,
1510 608 1579 653 non
1602 590 1752 675 placuisse

221 694 390 777 Ltvaitl.)
1019 688 1185 753 Hadriano
1204 690 1340 755 Daciam
1361 689 1502 772 irnperio
1521 691 1699 773 adjectam,
1724 708 1753 757 et

282 793 466 857 Hadrianus
491 790 638 852 instituto
671 811 733 873 per
756 791 866 853 Asiam
887 809 963 873 pro-
1019 792 1193 873 abjecisset
1215 812 1287 856 eam
1304 791 1410 854 statim
1428 792 1470 855 ab
1488 792 1578 857 adito
1601 794 1751 879 princips-

221 898 427 963 consularem
457 894 576 955 itincre
605 890 842 975 Cappadociam
865 890 963 952 intra·
1021 906 1072 969 tu,
1094 892 1231 975 perinde
1251 906 1348 975 atque
1363 893 1575 971 Armeniam,
1596 896 1662 957 nisi
1676 894 1753 959 aliud

221 1001 284 1076 rit,
307 998 393 1063 etab
412 994 576 1080 indigenis
595 996 736 1074 servitia
753 997 874 1057 eastris
890 1012 965 1074 pro·
1022 994 1197 1057 suasissent
1216 1008 1267 1058 tot
1287 996 1511 1057 &manorum
1542 998 1693 1063 coloniae
1716 996 1755 1061 ibi

210 1102 338 1185 sutura
364 1104 524 1180 suscepit,
561 1109 597 1159 ut
626 1092 733 1157 refert
767 1095 965 1177 Spartianus.
1023 1095 1231 1173 constitutae,
1248 1114 1332 1179 quae
1345 1094 1492 1161 abductis
1507 1096 1696 1183 legionibus
1710 1101 1756 1161 bo·

221 1198 341 1278 adsit,
377 1220 452 1263 earn
474 1219 515 1262 ex
538 1197 646 1261 vicino
672 1197 824 1261 Parthiae
847 1198 965 1272 rebus,
1024 1197 1120 1259 stium
1161 1195 1401 1259 incursionibus
1442 1211 1552 1263 totae:
1584 1202 1758 1283 patuissent.

224 1315 259 1366 et
274 1298 515 1366 conservandae
531 1299 712 1363 vicinorum
729 1319 845 1383 regum
859 1298 967 1362 amici·
1025 1296 1115 1361 Nihil
1142 1297 1245 1383 igitur
1272 1316 1313 1361 ea
1348 1312 1440 1381 parte
1469 1300 1673 1377 immutarit,
1706 1300 1759 1363 nisi

222 1405 287 1467 tiae
305 1401 523 1487 prospexisse.
545 1402 598 1461 De
614 1402 875 1487 monteArgaeo,
891 1402 970 1465 trito
1029 1398 1116 1485 quod
1134 1399 1302 1463 celebrem
1314 1398 1456 1463 Danubii
1469 1402 1761 1487 puniemini&

224 1503 450 1587 Cappadociae
477 1501 642 1583 symbolo,
675 1515 783 1568 actum
806 1505 842 1567 iu
863 1504 970 1569 nuruis
1029 1521 1128 1583 opus,
1150 1498 1289 1583 dejecit,
1318 1512 1355 1563 ut
1370 1500 1527 1584 in.bujus
1545 1516 1679 1569 moneta
1694 1502 1761 1567 diri·

226 1606 406 1670 Caesareae
428 1603 665 1689 Cappadociae.
1028 1624 1110 1669 mus.
1157 1602 1268 1697 Quare
1297 1622 1442 1665 summor
1471 1602 1600 1669 editum
1620 1628 1640 1671 a
1659 1604 1761 1671 Gnte·

484 1754 505 1791 4
589 1706 609 1743 ³*
692 1752 713 1790 „
841 1716 849 1726 ·
1028 1725 1070 1767 ro
1084 1706 1130 1786 ¹),
1151 1706 1358 1789 positumque
1380 1704 1567 1783 Hadriane,
1598 1708 1692 1785 euius
1706 1711 1761 1771 eir·

225 1809 470 1876 ADVENTVI.
500 1808 602 1875 AVG.
632 1808 830 1875 ctttctatt.
868 1811 903 1874 8.
933 1808 970 1875 C.
1029 1819 1102 1869 tate
1129 1808 1242 1869 Dacia
1269 1810 1408 1889 imperio
1437 1808 1557 1869 addita
1582 1808 1680 1891 filix
1704 1820 1760 1881 est,

222 1911 420 1988 imperator,
436 1924 469 1973 et
480 1910 600 1972 mulier
610 1909 846 1994 sacrificantes.
864 1911 933 1975 ΑΕ.
944 1914 969 1976 l.
1029 1921 1084 1971 aut
1102 1907 1342 1991 supposititium
1356 1905 1553 1993 puunduu,
1575 1920 1633 1975 eet
1647 1906 1759 1977 infinit

226 2010 358 2094 (Vaitt.)
777 2032 790 2059 ·-
1027 2007 1221 2077 adulationis
1240 2030 1347 2079 reum.

288 2112 435 2175 Ciliciam
456 2111 665 2176 Hadrianum·
684 2112 841 2191 adivisse,
869 2113 971 2198 expli-
1287 2160 1308 2198 „
1390 2112 1411 2148 '⁵

226 2226 298 2276 cate
323 2213 472 2276 historici
506 2234 573 2277 non
602 2214 762 2298 produnt,
799 2230 908 2279 tamen
936 2215 971 2277 id
1172 2216 1220 2280 Vt
1236 2216 1289 2281 lit.
1301 2214 1347 2281 H.

224 2315 346 2378 factum
383 2328 458 2397 post
484 2314 549 2377 iter
575 2316 849 2400 Cappadocicum,
880 2316 973 2381 colli·
1029 2312 1272 2385 ADVENTvt.
1309 2314 1413 2389 ΔΥΕ.
1449 2311 1661 2385 GALLIAE.
1681 2314 1713 2381 8.
1731 2315 1760 2379 C.

227 2417 315 2499 gitur
330 2437 370 2479 ex
384 2414 564 2495 spartiano.
611 2420 692 2479 Num
711 2432 786 2502 post
805 2417 888 2481 illud
901 2440 972 2481 nar·
1029 2416 1232 2497 imperator,
1259 2429 1295 2481 et
1320 2417 1440 2481 mulier
1463 2420 1512 2481 ad
1534 2436 1632 2481 araas
1652 2414 1761 2501 amris·

223 2529 295 2591 rat,
329 2520 585 2578 circumeuntem
605 2522 796 2599 provincias
815 2540 974 2601 precura-
1030 2528 1162 2595 cantas,
1176 2518 1271 2583 itumi
1279 2520 1532 2599 J’ueetttietittta.
1554 2519 1661 2587 ΔΕΑ.
1676 2520 1759 2603 (flet

226 2631 333 2692 teres,
355 2629 389 2679 et
405 2618 576 2697 praesides
593 2637 655 2698 pra
672 2619 785 2701 factis
810 2622 972 2700 supplicio
1031 2618 1139 2699 Caes.)

226 2718 405 2799 afficiare,
426 2735 462 2779 ac
482 2714 601 2779 deinde
621 2716 759 2782 intrasse
779 2720 813 2781 in
834 2721 971 2803 Syriam,
1175 2722 1223 2785 Vt
1238 2720 1292 2785 lit.
1304 2720 1349 2786 H.

225 2816 315 2902 quod
350 2816 471 2880 factum
511 2817 741 2885 Tillemontiua
777 2821 819 2886 ad
853 2844 971 2887 annum
1032 2820 1345 2891 ttssst‘ttvtottt.
1362 2820 1571 2893 GALleE.
1594 2826 1760 2911 Imperator

228 2918 269 2985 V.
289 2918 326 2982 C.
345 2920 407 3001 877
424 2919 540 2985 refert.
812 2984 821 3003 „
1032 2936 1168 3003 togatus
1185 2922 1356 2987 mulierem
1379 2926 1474 2991 lumi
1496 2928 1690 3011 prolapsam
1702 2928 1761 2991 sai·

489 3052 509 3089 a
593 3007 612 3045 *¹
697 3054 717 3089 s
1031 3026 1132 3088 leuat.
1152 3024 1223 3091 AR.
1240 3024 1313 3091 ΔΕ.
1328 3026 1408 3097 Ml.
1429 3028 1531 3109 (Mus.
1549 3028 1661 3113 Caes.)

372 3126 417 3184 Vt
434 3124 556 3215 litii„
1024 3178 1028 3185 .
1094 3125 1241 3190 Primum
1254 3124 1412 3193 Haedui
1427 3128 1509 3205 iter,
1538 3150 1582 3195 ex
1601 3128 1670 3217 que·
1681 3146 1759 3215 pete·

225 3222 372 3285 traete.
396 3223 430 3287 8.
450 3224 487 3286 C.
528 3225 657 3286 Mulier
683 3230 760 3308 rapi
777 3230 923 3292 insidens
940 3231 973 3295 d.
1031 3227 1154 3311 gaineri
1181 3227 1336 3305 instituit,
1367 3228 1531 3297 Gallicum
1554 3232 1620 3297 tuit
1642 3242 1756 3299 auctore

227 3330 361 3405 signam
382 3326 548 3399 militare,
572 3347 599 3388 s.
615 3326 771 3406 gladium
788 3332 970 3393 incurvam.
1031 3328 1237 3411 spartiano..

226 3426 298 3492 aa.
315 3427 394 3489 1.11.
411 3426 511 3506 (nus.
527 3426 637 3505 caes.)
1392 3418 1412 3456 ⁴
1494 3464 1513 3501 s
1618 3492 1622 3499 .

1288 3462 1335 3501 ,.

372 3527 546 3601 mmm
1174 3534 1347 3611 mma

226 3628 387 3692 EXERC.
411 3629 445 3689 in
468 3628 540 3693 aliis
564 3630 826 3700 EXERCITVS.
853 3634 970 3697 Dact-
1029 3634 1272 3699 GERMANtA.
1289 3636 1420 3701 Mulier
1434 3650 1531 3701 stans
1546 3640 1751 3713 d-itettemfl.

226 3732 322 3796 CVS.
348 3731 382 3794 8.
399 3730 436 3795 C.
469 3731 711 3813 Imperatoria
731 3754 814 3812 equo
834 3737 865 3797 ri.
880 3738 970 3799 elata
1028 3736 1177 3821 clypeam
1192 3736 1438 3802 Germanicum.
1461 3740 1532 3805 alt.
1551 3736 1754 3823 (bisacuta.)

228 3846 297 3894 tres
313 3836 484 3894 adstantes
499 3833 624 3896 milites
639 3835 840 3915 adloquitur.
862 3838 931 3907 ΑΕ.
945 3840 969 3901 l.
1172 3841 1218 3901 Vr
1235 3838 1289 3904 lit.
1302 3838 1344 3901 H.
1615 3898 1621 3909 ,

228 3936 328 4015 (Mus.
346 3934 455 4012 Caes.)
1028 3938 1288 4008 EXERCITVS.
1333 3940 1632 4013 GERMANICVS.
1669 3938 1753 4005 80.

291 4033 492 4099 Hadrianum
528 4034 689 4118 privatum
726 4036 777 4100 bis
805 4040 906 4102 fuisse
937 4041 968 4102 in
1028 4044 1214 4122 Imperator
1227 4062 1325 4122 eques
1339 4046 1468 4109 milites
1476 4044 1678 4127 adloquitur.
1694 4038 1752 4103 bb·

228 4135 347 4213 Dacia,
379 4135 531 4197 nimirum
562 4155 623 4219 por
650 4149 823 4223 utrumque
845 4142 969 4205 bellum
1030 4146 1054 4210 1.
1074 4142 1186 4226 (vain.
1202 4145 1286 4207 blus.
1302 4143 1413 4225 Caes.)

226 4238 400 4313 Dacicum,
421 4257 461 4299 cx
478 4237 648 4319 spartiano
663 4238 826 4305 discimus.
854 4245 970 4309 Vtrum
1091 4246 1144 4307 Ex
1159 4242 1273 4308 Galliis
1288 4245 1478 4311 transivisse
1495 4246 1531 4309 in
1546 4244 1750 4313 Garamum.

228 4336 319 4398 illam
350 4340 510 4419 Augustus
542 4338 697 4415 adiverit,
728 4362 835 4427 neque
865 4348 970 4421 numi,
1028 4344 1134 4411 refert
1152 4347 1358 4431 Spartianus,
1388 4360 1487 4433 atque
1505 4346 1751 4412 idemslibitttt·

227 4460 334 4520 neque
357 4439 536 4521 scriptores
557 4440 749 4505 meminere.
790 4445 878 4506 Istud
902 4466 972 4509 ccr-
1028 4462 1094 4523 rat,
1122 4448 1162 4513 sb
1179 4468 1220 4513 eo
1236 4448 1408 4513 Germanis
1434 4470 1552 4535 regem
1573 4446 1749 4535 impositas.

265 4646 295 4712 a)
316 4644 384 4717 Peg.
395 4654 456 4716 2129.
473 4656 500 4706 4.
