3998 5340
534 515 540 531 .
622 438 827 513 tvrtvs
855 435 1112 514 cassan
1623 454 1646 531 9
1682 427 1684 432 ’

14 623 17 628 ’
88 625 122 675 et
143 611 344 676 Clementiae
363 614 511 687 nornine,
525 615 560 675 in
578 629 643 690 quo
657 609 842 688 natatum

88 734 201 776 cerunt
213 713 392 796 jungerent
408 715 576 776 dexteros.

248 816 434 879 CAESAR.
465 814 553 876 tate.
583 808 628 878 P.
656 814 703 874 ld.
734 812 844 893 Caput

252 917 464 988 horratum,
484 936 570 994 pone
583 913 713 976 lunula.

89 1019 128 1083 t..
150 1017 373 1084 seratura.
403 1015 533 1082 BVCA.
563 1019 677 1079 Venus
705 1016 844 1080 matrix

89 1133 185 1183 stans
208 1120 241 1184 d.
277 1118 517 1192 Victoriolom,
542 1138 568 1182 s.
596 1118 740 1184 hastam.
769 1119 840 1183 AR.

88 1223 191 1304 (Mus.
207 1221 316 1299 Caes.)
583 1245 585 1250 ·
835 1246 839 1252 ·

254 1319 436 1386 CAESAR.
450 1319 564 1385 nter.
584 1316 840 1387 PERPETVO.

257 1421 364 1502 Caput
377 1424 568 1484 laurentum
587 1423 744 1486 relatum.

89 1525 130 1592 0.
144 1524 429 1592 MARIDlANVS.
449 1528 563 1587 Venus
575 1527 712 1595 Victrix
726 1534 838 1598 stans,

91 1639 130 1688 ut
156 1646 255 1710 supra
280 1629 318 1716 in
344 1645 443 1690 nutno
472 1626 606 1691 Martii.
640 1624 712 1686 All.
740 1625 839 1706 (llus.

93 1729 200 1808 Caes.)

152 1826 319 1907 Intimili,
340 1847 438 1912 quem
457 1848 498 1891 ex
519 1845 635 1891 museo
653 1846 715 1889 suo
729 1838 843 1909 protu-

88 1931 125 1992 lit
157 1929 418 1993 Sanelementius
436 1941 474 2006 ⁰),
503 1942 555 1992 est
586 1929 759 2012 singularis
790 1948 843 1990 ca·

89 2032 165 2116 pitis
195 2031 398 2116 epigraphe:
434 2033 551 2097 DICT.
589 2033 644 2095 IN.
680 2031 842 2093 PERPE-

30 2143 37 2155 '
93 2135 231 2202 'rvvtt
511 2199 515 2205 ,
748 2176 759 2181 -

352 2264 372 2301 s
455 2218 475 2253 ⁸⁵
559 2263 580 2300 a

251 2336 626 2400 CAESARPARENS.
634 2334 840 2400 PATRIAE.

253 2442 362 2518 Caput
375 2441 463 2503 lnnr.
482 2440 639 2517 velatqm.

92 2543 130 2607 C.
155 2540 411 2609 COSSVTWS.
434 2541 722 2610 MARJDIANVS.
745 2542 786 2606 A.
802 2541 842 2607 A.

92 2646 131 2709 A.
151 2646 187 2707 t'.
206 2645 243 2706 F.
263 2647 337 2706 sine
353 2655 441 2727 typo.
465 2647 535 2706 All.
554 2648 654 2727 (Mus.
672 2642 783 2724 Caes.)
849 2653 851 2657 '

963 605 1016 667 Ad
1038 629 1154 670 annum
1178 608 1265 672 hune
1291 607 1397 681 refert
1416 606 1481 670 nis
1505 603 1559 690 ¹³),
1596 605 1651 671 de·

902 721 1027 769 cretum
1049 709 1166 788 luisse,
1202 726 1236 773 at
1256 714 1413 795 templum
1436 711 1584 788 Caesari,
1616 726 1650 774 et

905 810 1107 872 Clementiae
1128 813 1236 873 Iuliae
1259 812 1483 888 dedicaretur,
1506 813 1648 896 huicque

901 911 1086 976 sacerdotio
1116 916 1160 975 tt.
1197 915 1377 977 Antonium
1407 916 1498 979 velut
1530 914 1650 977 Flami·

899 1037 977 1080 nem
999 1015 1363 1105 Dialempraelectum
1391 1016 1501 1084 luisse.
1532 1016 1652 1099 Appia·

900 1118 935 1180 ui
958 1120 1089 1194 locum,
1123 1118 1179 1201 qui
1209 1119 1273 1181 huc
1304 1118 1466 1203 pertinet,
1497 1118 1652 1183 continuo

900 1220 1106 1284 adduximus.
1171 1219 1308 1282 Factum
1376 1222 1475 1288 etiam
1526 1219 1655 1302 attingit

899 1321 1096 1384 Plutarchus
1119 1303 1185 1402 ⁰),⁸
1237 1320 1412 1405 additque,
1481 1319 1653 1385 decretum

899 1423 1005 1501 istud,
1040 1421 1128 1507 quod
1159 1422 1306 1510 hpstibus
1336 1422 1402 1486 suis
1430 1443 1495 1485 non
1525 1423 1651 1487 veniam

898 1524 1018 1601 modo,
1041 1523 1100 1586 sed
1123 1537 1158 1586 et
1178 1525 1322 1589 honores
1348 1525 1537 1608 impertivit.
1560 1527 1588 1586 F
1592 1525 1654 1586 uis·

898 1646 935 1688 se
966 1639 1074 1688 autem
1104 1627 1302 1691 clementem
1336 1626 1480 1690 habitum
1512 1648 1578 1689 non
1601 1647 1654 1690 ae·

896 1727 1042 1811 qualium
1091 1726 1298 1805 adulatione,
1348 1726 1407 1789 sed
1452 1729 1652 1810 posteritatis

899 1828 999 1890 etiam
1020 1829 1215 1911 praeconio,
1239 1829 1338 1893 ducet
1357 1829 1483 1893 Plinius
1498 1826 1548 1912 a),
1578 1832 1657 1894 Coe·

898 1933 1173 2011 sarisproprittm
1200 1944 1234 2010 et
1250 1934 1424 2013 peculiare
1445 1937 1492 1996 sit
1514 1933 1658 1996 clemen-

900 2034 970 2095 tiae
982 2034 1132 2113 insigne,
1148 2051 1215 2111 qna
1231 2053 1335 2112 usquc
1351 2037 1396 2095 nd
1410 2036 1654 2114 poenitentiam

899 2149 1012 2194 omnes
1033 2137 1213 2214 superavit.
1240 2134 1332 2200 Vere
1351 2134 1438 2197 istud
1453 2157 1528 2198 nam
1547 2136 1655 2198 statim

897 2232 939 2297 ab
954 2233 1023 2317 ejus
1040 2234 1141 2299 caede
1152 2235 1257 2319 palam
1270 2236 1433 2317 jactatum,
1443 2241 1653 2301 elementiam

898 2337 956 2399 illi
972 2338 1060 2398 mulo
1069 2340 1204 2420 fuisse,
1228 2344 1293 2417 qua
1310 2341 1342 2401 si
1361 2361 1441 2402 usus
1463 2361 1528 2404 non
1554 2354 1654 2414 esset,

773 2494 779 2506 ,
898 2437 991 2500 nillil
1007 2440 1041 2499 ei
1054 2439 1123 2501 tale
1139 2441 1289 2502 accidere
1302 2441 1510 2523 potuisset).
1536 2441 1580 2502 Et
1604 2442 1652 2504 Μ.

902 2539 1059 2603 Aurelius
1086 2539 1123 2601 in
1147 2539 1284 2623 epistola
1304 2540 1343 2603 ad
1360 2542 1543 2607 Faustinam
1572 2561 1653 2615 uxo·

901 2664 985 2721 rem,
1000 2665 1095 2728 quam
1110 2641 1318 2707 conservarit
1333 2643 1500 2714 Vulcatius
1516 2643 1657 2711 Gallica·

157 2749 208 2809 De
227 2745 325 2808 titulo
336 2750 489 2828 putentis
499 2750 634 2829 patriae
649 2766 782 2828 agemus
797 2744 846 2808 in·
900 2765 963 2806 nus
985 2743 1027 2826 O:
1048 2746 1129 2813 iaec
1139 2746 1353 2827 (Clementia)
1369 2748 1542 2809 Caesarem
1558 2749 1655 2809 deum

95 2850 144 2911 fra
164 2849 196 2910 in
219 2847 290 2930 ejus
310 2847 501 2909 honoribus.

461 2946 481 2985 Ι

567 2993 586 3031 R

857 2885 862 2896 -
893 2846 995 2928 ficit.
1039 2847 1135 2906 Elato
1165 2849 1320 2929 exemplo
1359 2848 1429 2908 laus
1461 2846 1657 2909 clementiae

905 2944 1072 3009 celebrata
1100 2946 1198 3007 etiam
1227 2947 1288 3010 suit
1311 2947 1343 3007 in
1367 2945 1558 3009 Caesaribus
1582 2968 1656 3010 cru·

259 2992 442 3115 CAESAR.
460 3049 547 3112 tter.
562 3048 617 3110 uel
628 3047 778 3112 IMPER.
794 3046 849 3137 nel
905 3045 1090 3112 delissimis.
1114 3047 1243 3110 Tiberii
1267 3048 1501 3124 Clementiam,
1529 3062 1565 3111 et
1587 3052 1659 3110 llo-

168 3177 169 3180 ¹
256 3154 372 3218 nter.
388 3149 645 3218 ΡΕΒΡΕἸἾῙΟ·ο
673 3152 782 3232 caput
802 3151 849 3212 si·

260 3256 350 3321 mile.

905 3148 1109 3231 derationem
1144 3147 1315 3219 celebrant
1344 3152 1455 3226 numi,
1496 3165 1531 3215 et
1564 3151 1658 3232 jussit

906 3265 1036 3314 senatus
1072 3251 1247 3315 sacrificari
1294 3252 1461 3338 Caligulae
1504 3254 1660 3318 Clemen-

94 3356 569 3426 P.SEPVLL1VS.MACER.
585 3357 699 3418 Venus
710 3355 848 3416 Victrix
904 3353 969 3416 tiae
985 3355 1028 3436 t).
1092 3354 1250 3418 Ceterum
1278 3368 1314 3418 ut
1343 3356 1464 3420 lactum
1495 3356 1581 3421 istud
1614 3356 1655 3420 ad

94 3474 207 3535 stans,
234 3471 397 3542 utsupra
420 3463 457 3523 in
480 3461 594 3522 narnis
620 3456 750 3519 Mettii.
776 3455 846 3519 Ali.

95 3565 196 3644 (Mut-
214 3562 325 3641 caes.)

261 3659 563 3726 CLEMENTIAE.
621 3659 846 3723 cassatus.

266 3765 431 3841 Templum
447 3771 468 3836 A
484 3763 725 3826 columnarum.

97 3868 134 3932 P.
156 3865 413 3933 SEPVLLIVS.
437 3865 602 3926 MACER.
625 3865 788 3927 Desultor
802 3863 850 3924 bi·

881 3477 1023 3521 .annum
1061 3471 1269 3540 praesentem
1306 3459 1472 3540 pertinet,
1510 3459 1555 3521 ita
1589 3478 1657 3521 non

906 3557 1141 3642 consequitur,
1164 3559 1226 3622 hos
1244 3579 1374 3645 quoque
1397 3559 1536 3642 Sepullii
1557 3558 1659 3624 dena·

904 3660 976 3724 rios
1006 3659 1125 3723 eode'm
1160 3659 1223 3724 hoe
1251 3680 1337 3724 anno
1364 3661 1470 3724 fuisse
1497 3661 1655 3744 signatos.

906 3765 988 3824 Nam
1016 3764 1165 3827 Caesaris
1193 3776 1289 3845 caput
1308 3763 1404 3828 etiam
1423 3763 1584 3846 postejus
1601 3776 1662 3828 nei
1696 3826 1702 3833 ,

907 3884 979 3927 cem
1011 3884 1111 3947 saepe
1145 3864 1288 3928 denariis
1314 3881 1364 3930 est
1396 3849 1532 3936 illaturi.
1571 3865 1657 3931 vite

98 3989 158 4034 nos
176 3986 279 4047 equos
296 3986 417 4048 egens,
442 3971 479 4029 in
495 3988 575 4027 area
588 3968 721 4046 palmae
735 3986 850 4027 rentur
908 3972 1041 4051 gentem
1060 3966 1251 4051 Sepulliam.

96 4084 131 4134 et
148 4090 284 4132 corono.
304 4069 376 4137 An.
387 4071 494 4150 (diuis
512 4067 622 4146 Caes.)

142 4413 172 4483 a)
192 4407 332 4484 Detulg.
349 4420 560 4485 serapag.37.
661 4405 696 4478 b)
715 4403 868 4467 tcxttv.
885 4407 949 4481 Μ.
1049 4368 1084 4479 e)
1100 4405 1131 4463 in
1147 4407 1285 4463 Caesare.
1388 4409 1422 4477 d)
1440 4405 1477 4462 ll.
1493 4407 1528 4464 N.
1546 4407 1580 4463 l..
1596 4405 1659 4463 vn.

100 4503 125 4572 ς.
141 4502 187 4563 26.
289 4500 321 4570 e)
342 4498 405 4557 Cio.
422 4499 460 4559 sd
472 4499 563 4559 Attic.
577 4499 610 4556 t..
626 4496 704 4558 XIV.
729 4517 778 4576 ep·
792 4509 841 4558 22

103 4591 126 4660 ς’
143 4593 241 4764 iia.
255 4681 337 4763 nr.)

940 4497 1018 4579 Ol}
1031 4497 1092 4555 vita
1105 4495 1192 4555 Asid.
1210 4497 1316 4553 Cassii.
1417 4500 1451 4572 g)
1469 4497 1525 4555 Dio
1542 4497 1574 4555 t.
1588 4494 1661 4555 LIX
1706 4536 1709 4543 ‚

1386 4683 1414 4745 B
