<?xml version="1.0" encoding="UTF-8"?>
<!DOCTYPE html PUBLIC "-//W3C//DTD XHTML 1.0 Transitional//EN"
    "http://www.w3.org/TR/xhtml1/DTD/xhtml1-transitional.dtd">
<html xmlns="http://www.w3.org/1999/xhtml" xml:lang="en" lang="en">
 <head>
  <title>
</title>
<meta http-equiv="Content-Type" content="text/html;charset=utf-8" />
  <meta name='ocr-system' content='tesseract 3.04.00' />
  <meta name='ocr-capabilities' content='ocr_page ocr_carea ocr_par ocr_line ocrx_word'/>
</head>
<body>
  <div class='ocr_page' id='page_1' title='image "./doctrinanumorum00steigoog/doctrinanumorum00steigoog_0281.png"; bbox 0 0 4012 5370; ppageno 0'>
   <div class='ocr_carea' id='block_1_1' title="bbox 739 418 1789 554">
    <p class='ocr_par' dir='ltr' id='par_1_1' title="bbox 739 418 1789 554">
     <span class='ocr_line' id='line_1_1' title="bbox 739 418 1789 554; baseline 0.026 -26"><span class='ocrx_word' id='word_1_1' title='bbox 739 440 987 532; x_wconf 77' lang='lat' dir='ltr'><strong>&#39;vxouus</strong></span> <span class='ocrx_word' id='word_1_2' title='bbox 1022 453 1275 533; x_wconf 78' lang='lat' dir='ltr'><strong>cnavurr.</strong></span> <span class='ocrx_word' id='word_1_3' title='bbox 1645 418 1648 423; x_wconf 31' lang='lat'>⁵</span> <span class='ocrx_word' id='word_1_4' title='bbox 1697 454 1789 554; x_wconf 72' lang='lat' dir='ltr'><strong>&#39;aas</strong></span> 
     </span>
    </p>
   </div>
   <div class='ocr_carea' id='block_1_2' title="bbox 194 622 1875 3643">
    <p class='ocr_par' dir='ltr' id='par_1_2' title="bbox 232 622 1875 1215">
     <span class='ocr_line' id='line_1_2' title="bbox 235 622 1785 708; baseline 0.009 -20"><span class='ocrx_word' id='word_1_5' title='bbox 235 643 277 688; x_wconf 80' lang='lat' dir='ltr'><strong>se</strong></span> <span class='ocrx_word' id='word_1_6' title='bbox 305 623 537 705; x_wconf 84' lang='lat' dir='ltr'><strong>ignorantiam,</strong></span> <span class='ocrx_word' id='word_1_7' title='bbox 557 641 627 685; x_wconf 89' lang='lat' dir='ltr'><strong>uon</strong></span> <span class='ocrx_word' id='word_1_8' title='bbox 644 642 720 686; x_wconf 87' lang='lat' dir='ltr'><strong>raro</strong></span> <span class='ocrx_word' id='word_1_9' title='bbox 740 623 775 685; x_wconf 91' lang='lat' dir='ltr'><strong>iu</strong></span> <span class='ocrx_word' id='word_1_10' title='bbox 798 622 982 708; x_wconf 82' lang='lat' dir='ltr'><strong>municipiis</strong></span> <span class='ocrx_word' id='word_1_11' title='bbox 1039 622 1243 690; x_wconf 77' lang='lat' dir='ltr'><strong>coloniarum</strong></span> <span class='ocrx_word' id='word_1_12' title='bbox 1264 625 1486 706; x_wconf 81' lang='lat' dir='ltr'><strong>insertarum,</strong></span> <span class='ocrx_word' id='word_1_13' title='bbox 1503 645 1538 696; x_wconf 85' lang='lat' dir='ltr'><strong>et</strong></span> <span class='ocrx_word' id='word_1_14' title='bbox 1562 625 1785 702; x_wconf 75' lang='lat' dir='ltr'><strong>alexaaarius</strong></span> 
     </span>
     <span class='ocr_line' id='line_1_3' title="bbox 234 716 1786 814; baseline -0.003 -25"><span class='ocrx_word' id='word_1_15' title='bbox 234 725 586 809; x_wconf 79' lang='lat' dir='ltr'><strong>exemploirrepsisse</strong></span> <span class='ocrx_word' id='word_1_16' title='bbox 604 736 732 788; x_wconf 86' lang='lat' dir='ltr'><strong>eertum</strong></span> <span class='ocrx_word' id='word_1_17' title='bbox 748 722 852 790; x_wconf 82' lang='lat' dir='ltr'><strong>rideri</strong></span> <span class='ocrx_word' id='word_1_18' title='bbox 868 726 981 808; x_wconf 81' lang='lat' dir='ltr'><strong>possit.</strong></span> <span class='ocrx_word' id='word_1_19' title='bbox 1039 725 1186 804; x_wconf 76' lang='lat' dir='ltr'><strong>Claudii,</strong></span> <span class='ocrx_word' id='word_1_20' title='bbox 1218 749 1300 814; x_wconf 75' lang='lat' dir='ltr'><strong>quoa</strong></span> <span class='ocrx_word' id='word_1_21' title='bbox 1326 751 1428 814; x_wconf 74' lang='lat' dir='ltr'><strong>supra</strong></span> <span class='ocrx_word' id='word_1_22' title='bbox 1456 716 1491 792; x_wconf 74' lang='lat' dir='ltr'><strong>in</strong></span> <span class='ocrx_word' id='word_1_23' title='bbox 1522 739 1628 799; x_wconf 66' lang='lat' dir='ltr'><strong>numi,</strong></span> <span class='ocrx_word' id='word_1_24' title='bbox 1658 741 1786 803; x_wconf 59' lang='lat' dir='ltr'>chmffi</span> 
     </span>
     <span class='ocr_line' id='line_1_4' title="bbox 235 825 1875 916; baseline 0.012 -28"><span class='ocrx_word' id='word_1_25' title='bbox 235 829 418 890; x_wconf 83' lang='lat' dir='ltr'><strong>Esttamen</strong></span> <span class='ocrx_word' id='word_1_26' title='bbox 444 826 532 911; x_wconf 92' lang='lat' dir='ltr'><strong>quod</strong></span> <span class='ocrx_word' id='word_1_27' title='bbox 554 825 682 910; x_wconf 81' lang='lat' dir='ltr'><strong>culpam</strong></span> <span class='ocrx_word' id='word_1_28' title='bbox 698 825 847 889; x_wconf 82' lang='lat' dir='ltr'><strong>minuere</strong></span> <span class='ocrx_word' id='word_1_29' title='bbox 866 826 1002 909; x_wconf 81' lang='lat' dir='ltr'><strong>possit..</strong></span> <span class='ocrx_word' id='word_1_30' title='bbox 1039 830 1208 892; x_wconf 83' lang='lat' dir='ltr'><strong>commatis</strong></span> <span class='ocrx_word' id='word_1_31' title='bbox 1219 831 1388 916; x_wconf 86' lang='lat' dir='ltr'><strong>peregrini</strong></span> <span class='ocrx_word' id='word_1_32' title='bbox 1404 832 1577 916; x_wconf 86' lang='lat' dir='ltr'><strong>descripsi,</strong></span> <span class='ocrx_word' id='word_1_33' title='bbox 1599 831 1633 899; x_wconf 89' lang='lat' dir='ltr'><strong>in</strong></span> <span class='ocrx_word' id='word_1_34' title='bbox 1652 859 1786 905; x_wconf 63' lang='lat' dir='ltr'><strong>oonsou</strong></span> <span class='ocrx_word' id='word_1_35' title='bbox 1872 842 1875 854; x_wconf 84' lang='grc'><strong>’</strong></span> 
     </span>
     <span class='ocr_line' id='line_1_5' title="bbox 233 926 1742 1012; baseline 0.009 -21"><span class='ocrx_word' id='word_1_36' title='bbox 233 928 368 991; x_wconf 82' lang='lat' dir='ltr'><strong>Etenim</strong></span> <span class='ocrx_word' id='word_1_37' title='bbox 387 941 498 992; x_wconf 77' lang='lat' dir='ltr'><strong>amat</strong></span> <span class='ocrx_word' id='word_1_38' title='bbox 513 927 579 991; x_wconf 86' lang='lat' dir='ltr'><strong>Dio</strong></span> <span class='ocrx_word' id='word_1_39' title='bbox 603 927 644 990; x_wconf 91' lang='lat' dir='ltr'><strong>ad</strong></span> <span class='ocrx_word' id='word_1_40' title='bbox 659 948 778 993; x_wconf 80' lang='lat' dir='ltr'><strong>annam</strong></span> <span class='ocrx_word' id='word_1_41' title='bbox 793 929 835 996; x_wconf 84' lang='lat' dir='ltr'><strong>V.</strong></span> <span class='ocrx_word' id='word_1_42' title='bbox 851 929 886 993; x_wconf 89' lang='lat' dir='ltr'><strong>C.</strong></span> <span class='ocrx_word' id='word_1_43' title='bbox 906 930 980 1009; x_wconf 70' lang='lat'><strong>795,</strong></span> <span class='ocrx_word' id='word_1_44' title='bbox 1022 926 1251 994; x_wconf 77' lang='lat' dir='ltr'><strong>&#39;tiosororum</strong></span> <span class='ocrx_word' id='word_1_45' title='bbox 1265 933 1444 1012; x_wconf 79' lang='lat' dir='ltr'><strong>Antoniae,</strong></span> <span class='ocrx_word' id='word_1_46' title='bbox 1464 947 1497 998; x_wconf 91' lang='lat' dir='ltr'><strong>et</strong></span> <span class='ocrx_word' id='word_1_47' title='bbox 1515 935 1686 1007; x_wconf 74' lang='lat' dir='ltr'><strong>Octauiae.</strong></span> <span class='ocrx_word' id='word_1_48' title='bbox 1735 940 1742 949; x_wconf 85' lang='lat'>&#39;</span> 
     </span>
     <span class='ocr_line' id='line_1_6' title="bbox 234 1027 1424 1106; baseline -0.003 -12"><span class='ocrx_word' id='word_1_49' title='bbox 234 1030 423 1104; x_wconf 88' lang='lat' dir='ltr'><strong>Claudium,</strong></span> <span class='ocrx_word' id='word_1_50' title='bbox 455 1049 530 1093; x_wconf 85' lang='lat' dir='ltr'><strong>oum</strong></span> <span class='ocrx_word' id='word_1_51' title='bbox 559 1029 620 1092; x_wconf 85' lang='lat' dir='ltr'><strong>sibi</strong></span> <span class='ocrx_word' id='word_1_52' title='bbox 649 1042 859 1092; x_wconf 85' lang='lat' dir='ltr'><strong>natusesset</strong></span> <span class='ocrx_word' id='word_1_53' title='bbox 884 1027 982 1106; x_wconf 89' lang='lat' dir='ltr'><strong>filius,</strong></span> <span class='ocrx_word' id='word_1_54' title='bbox 1401 1053 1424 1090; x_wconf 69' lang='lat' dir='ltr'><strong>a</strong></span> 
     </span>
     <span class='ocr_line' id='line_1_7' title="bbox 232 1098 1321 1215; baseline 0.002 -22"><span class='ocrx_word' id='word_1_55' title='bbox 232 1132 290 1215; x_wconf 85' lang='lat' dir='ltr'><strong>qui</strong></span> <span class='ocrx_word' id='word_1_56' title='bbox 313 1130 452 1193; x_wconf 87' lang='lat' dir='ltr'><strong>subinde</strong></span> <span class='ocrx_word' id='word_1_57' title='bbox 476 1128 682 1193; x_wconf 85' lang='lat' dir='ltr'><strong>Britannions</strong></span> <span class='ocrx_word' id='word_1_58' title='bbox 711 1143 761 1193; x_wconf 88' lang='lat' dir='ltr'><strong>est</strong></span> <span class='ocrx_word' id='word_1_59' title='bbox 785 1129 913 1206; x_wconf 87' lang='lat' dir='ltr'><strong>dictus,</strong></span> <span class='ocrx_word' id='word_1_60' title='bbox 938 1150 981 1192; x_wconf 90' lang='lat' dir='ltr'><strong>ea</strong></span> <span class='ocrx_word' id='word_1_61' title='bbox 1101 1131 1196 1197; x_wconf 83' lang='lat' dir='ltr'><strong>onr</strong></span> <span class='ocrx_word' id='word_1_62' title='bbox 1216 1132 1273 1202; x_wconf 76' lang='lat' dir='ltr'><strong>lv„</strong></span> <span class='ocrx_word' id='word_1_63' title='bbox 1301 1098 1321 1134; x_wconf 42' lang='grc' dir='ltr'>ι</span> 
     </span>
    </p>

    <p class='ocr_par' dir='ltr' id='par_1_3' title="bbox 194 1232 1865 3643">
     <span class='ocr_line' id='line_1_8' title="bbox 233 1232 980 1312; baseline 0.001 -19"><span class='ocrx_word' id='word_1_64' title='bbox 233 1253 329 1293; x_wconf 87' lang='lat' dir='ltr'><strong>usum</strong></span> <span class='ocrx_word' id='word_1_65' title='bbox 357 1232 600 1308; x_wconf 80' lang='lat' dir='ltr'><strong>moderatione,</strong></span> <span class='ocrx_word' id='word_1_66' title='bbox 629 1243 666 1293; x_wconf 88' lang='lat' dir='ltr'><strong>ut</strong></span> <span class='ocrx_word' id='word_1_67' title='bbox 694 1242 870 1312; x_wconf 79' lang='lat' dir='ltr'><strong>propterea</strong></span> <span class='ocrx_word' id='word_1_68' title='bbox 898 1233 980 1294; x_wconf 82' lang='lat' dir='ltr'>nihil</span> 
     </span>
     <span class='ocr_line' id='line_1_9' title="bbox 233 1331 980 1419; baseline 0.001 -26"><span class='ocrx_word' id='word_1_69' title='bbox 233 1332 407 1414; x_wconf 75' lang='lat' dir='ltr'>splendide</span> <span class='ocrx_word' id='word_1_70' title='bbox 429 1346 561 1419; x_wconf 88' lang='lat' dir='ltr'><strong>ageret,</strong></span> <span class='ocrx_word' id='word_1_71' title='bbox 599 1351 637 1394; x_wconf 89' lang='lat' dir='ltr'><strong>so</strong></span> <span class='ocrx_word' id='word_1_72' title='bbox 659 1350 767 1413; x_wconf 88' lang='lat' dir='ltr'><strong>nequo</strong></span> <span class='ocrx_word' id='word_1_73' title='bbox 783 1331 822 1394; x_wconf 85' lang='lat' dir='ltr'><strong>ei</strong></span> <span class='ocrx_word' id='word_1_74' title='bbox 842 1333 980 1402; x_wconf 77' lang='lat' dir='ltr'><strong>ava·</strong></span> 
     </span>
     <span class='ocr_line' id='line_1_10' title="bbox 234 1432 1865 1527; baseline 0.006 -31"><span class='ocrx_word' id='word_1_75' title='bbox 234 1435 319 1512; x_wconf 69' lang='lat' dir='ltr'><strong>stt,</strong></span> <span class='ocrx_word' id='word_1_76' title='bbox 350 1455 460 1520; x_wconf 88' lang='lat' dir='ltr'><strong>neque</strong></span> <span class='ocrx_word' id='word_1_77' title='bbox 492 1433 686 1496; x_wconf 69' lang='lat' dir='ltr'><strong>Messalinae</strong></span> <span class='ocrx_word' id='word_1_78' title='bbox 711 1432 890 1514; x_wconf 83' lang='lat' dir='ltr'><strong>Augustae</strong></span> <span class='ocrx_word' id='word_1_79' title='bbox 922 1455 980 1497; x_wconf 91' lang='lat' dir='ltr'><strong>uo·</strong></span> <span class='ocrx_word' id='word_1_80' title='bbox 1100 1432 1294 1497; x_wconf 85' lang='lat' dir='ltr'><strong>Parentibus</strong></span> <span class='ocrx_word' id='word_1_81' title='bbox 1314 1435 1585 1516; x_wconf 78' lang='lat' dir='ltr'><strong>Germanico,&#39;et</strong></span> <span class='ocrx_word' id='word_1_82' title='bbox 1601 1443 1784 1527; x_wconf 77' lang='lat' dir='ltr'><strong>Agrippina</strong></span> <span class='ocrx_word' id='word_1_83' title='bbox 1863 1497 1865 1508; x_wconf 39' lang='lat'><strong>2</strong></span> 
     </span>
     <span class='ocr_line' id='line_1_11' title="bbox 234 1533 1784 1630; baseline 0.003 -28"><span class='ocrx_word' id='word_1_84' title='bbox 234 1536 401 1602; x_wconf 79' lang='lat' dir='ltr'><strong>mandari</strong></span> <span class='ocrx_word' id='word_1_85' title='bbox 424 1547 594 1621; x_wconf 84' lang='lat' dir='ltr'><strong>pateretur</strong></span> <span class='ocrx_word' id='word_1_86' title='bbox 614 1534 655 1614; x_wconf 80' lang='lat'><strong>⁸).</strong></span> <span class='ocrx_word' id='word_1_87' title='bbox 691 1533 773 1596; x_wconf 89' lang='lat' dir='ltr'><strong>Cum</strong></span> <span class='ocrx_word' id='word_1_88' title='bbox 789 1533 898 1596; x_wconf 89' lang='lat' dir='ltr'><strong>nullus</strong></span> <span class='ocrx_word' id='word_1_89' title='bbox 913 1535 979 1597; x_wconf 85' lang='lat' dir='ltr'><strong>Au-</strong></span> <span class='ocrx_word' id='word_1_90' title='bbox 1033 1546 1109 1596; x_wconf 87' lang='lat' dir='ltr'><strong>nata</strong></span> <span class='ocrx_word' id='word_1_91' title='bbox 1132 1534 1167 1595; x_wconf 91' lang='lat' dir='ltr'><strong>iu</strong></span> <span class='ocrx_word' id='word_1_92' title='bbox 1182 1534 1310 1619; x_wconf 81' lang='lat' dir='ltr'><strong>oppido</strong></span> <span class='ocrx_word' id='word_1_93' title='bbox 1337 1537 1515 1617; x_wconf 86' lang='lat' dir='ltr'><strong>Vbiorum,</strong></span> <span class='ocrx_word' id='word_1_94' title='bbox 1543 1544 1632 1626; x_wconf 88' lang='lat' dir='ltr'><strong>quod</strong></span> <span class='ocrx_word' id='word_1_95' title='bbox 1651 1545 1691 1607; x_wconf 88' lang='lat' dir='ltr'><strong>ab</strong></span> <span class='ocrx_word' id='word_1_96' title='bbox 1714 1547 1784 1630; x_wconf 78' lang='lat' dir='ltr'><strong>ipsa</strong></span> 
     </span>
     <span class='ocr_line' id='line_1_12' title="bbox 234 1625 1783 1729; baseline 0.005 -28"><span class='ocrx_word' id='word_1_97' title='bbox 234 1638 321 1723; x_wconf 75' lang='lat' dir='ltr'><strong>gnati</strong></span> <span class='ocrx_word' id='word_1_98' title='bbox 336 1625 517 1721; x_wconf 85' lang='lat' dir='ltr'><strong>cujuspiam</strong></span> <span class='ocrx_word' id='word_1_99' title='bbox 537 1634 624 1697; x_wconf 86' lang='lat' dir='ltr'><strong>iilius</strong></span> <span class='ocrx_word' id='word_1_100' title='bbox 643 1655 702 1698; x_wconf 87' lang='lat' dir='ltr'><strong>sen</strong></span> <span class='ocrx_word' id='word_1_101' title='bbox 720 1633 894 1713; x_wconf 86' lang='lat' dir='ltr'><strong>naturalis,</strong></span> <span class='ocrx_word' id='word_1_102' title='bbox 920 1656 979 1698; x_wconf 88' lang='lat' dir='ltr'><strong>seu</strong></span> <span class='ocrx_word' id='word_1_103' title='bbox 1037 1632 1176 1697; x_wconf 88' lang='lat' dir='ltr'><strong>subinde</strong></span> <span class='ocrx_word' id='word_1_104' title='bbox 1198 1635 1337 1699; x_wconf 87' lang='lat' dir='ltr'><strong>deducta</strong></span> <span class='ocrx_word' id='word_1_105' title='bbox 1360 1658 1402 1702; x_wconf 86' lang='lat' dir='ltr'><strong>eo</strong></span> <span class='ocrx_word' id='word_1_106' title='bbox 1423 1642 1553 1705; x_wconf 84' lang='lat' dir='ltr'><strong>colonia</strong></span> <span class='ocrx_word' id='word_1_107' title='bbox 1572 1644 1783 1729; x_wconf 73' lang='lat' dir='ltr'><strong>Agrippinae</strong></span> 
     </span>
     <span class='ocr_line' id='line_1_13' title="bbox 233 1737 1782 1830; baseline 0.004 -28"><span class='ocrx_word' id='word_1_108' title='bbox 233 1739 404 1823; x_wconf 80' lang='lat' dir='ltr'><strong>adoptivus</strong></span> <span class='ocrx_word' id='word_1_109' title='bbox 431 1752 505 1802; x_wconf 90' lang='lat' dir='ltr'><strong>aute</strong></span> <span class='ocrx_word' id='word_1_110' title='bbox 524 1737 694 1801; x_wconf 87' lang='lat' dir='ltr'><strong>Claudium</strong></span> <span class='ocrx_word' id='word_1_111' title='bbox 713 1737 789 1802; x_wconf 80' lang='lat' dir='ltr'><strong>rivo</strong></span> <span class='ocrx_word' id='word_1_112' title='bbox 807 1749 899 1820; x_wconf 88' lang='lat' dir='ltr'><strong>patre</strong></span> <span class='ocrx_word' id='word_1_113' title='bbox 923 1757 980 1798; x_wconf 87' lang='lat' dir='ltr'><strong>un·</strong></span> <span class='ocrx_word' id='word_1_114' title='bbox 1033 1755 1157 1797; x_wconf 91' lang='lat' dir='ltr'><strong>nomen</strong></span> <span class='ocrx_word' id='word_1_115' title='bbox 1180 1738 1371 1821; x_wconf 75' lang='lat' dir='ltr'><strong>accepite).</strong></span> <span class='ocrx_word' id='word_1_116' title='bbox 1421 1741 1553 1806; x_wconf 79' lang='lat' dir='ltr'><strong>Annum</strong></span> <span class='ocrx_word' id='word_1_117' title='bbox 1576 1746 1618 1813; x_wconf 86' lang='lat' dir='ltr'><strong>V.</strong></span> <span class='ocrx_word' id='word_1_118' title='bbox 1643 1747 1681 1813; x_wconf 84' lang='lat' dir='ltr'><strong>C.</strong></span> <span class='ocrx_word' id='word_1_119' title='bbox 1709 1746 1782 1830; x_wconf 70' lang='lat'><strong>761),</strong></span> 
     </span>
     <span class='ocr_line' id='line_1_14' title="bbox 234 1836 1781 1930; baseline 0.005 -26"><span class='ocrx_word' id='word_1_120' title='bbox 234 1861 330 1926; x_wconf 58' lang='lat' dir='ltr'><strong>mam</strong></span> <span class='ocrx_word' id='word_1_121' title='bbox 354 1839 461 1903; x_wconf 89' lang='lat' dir='ltr'><strong>dietus</strong></span> <span class='ocrx_word' id='word_1_122' title='bbox 486 1837 588 1901; x_wconf 83' lang='lat' dir='ltr'><strong>inerit</strong></span> <span class='ocrx_word' id='word_1_123' title='bbox 611 1839 808 1920; x_wconf 85' lang='lat' dir='ltr'><strong>Augustus,</strong></span> <span class='ocrx_word' id='word_1_124' title='bbox 843 1836 979 1920; x_wconf 84' lang='lat' dir='ltr'><strong>ejusque</strong></span> <span class='ocrx_word' id='word_1_125' title='bbox 1039 1856 1105 1921; x_wconf 86' lang='lat' dir='ltr'><strong>qno</strong></span> <span class='ocrx_word' id='word_1_126' title='bbox 1130 1857 1170 1900; x_wconf 88' lang='lat' dir='ltr'><strong>ea</strong></span> <span class='ocrx_word' id='word_1_127' title='bbox 1193 1849 1267 1919; x_wconf 81' lang='lat' dir='ltr'><strong>nata</strong></span> <span class='ocrx_word' id='word_1_128' title='bbox 1290 1852 1359 1915; x_wconf 85' lang='lat' dir='ltr'><strong>est,</strong></span> <span class='ocrx_word' id='word_1_129' title='bbox 1390 1861 1471 1906; x_wconf 89' lang='lat' dir='ltr'><strong>eruo</strong></span> <span class='ocrx_word' id='word_1_130' title='bbox 1494 1865 1536 1908; x_wconf 82' lang='lat' dir='ltr'><strong>ex</strong></span> <span class='ocrx_word' id='word_1_131' title='bbox 1556 1844 1716 1908; x_wconf 84' lang='lat' dir='ltr'><strong>Suetonio</strong></span> <span class='ocrx_word' id='word_1_132' title='bbox 1738 1847 1781 1930; x_wconf 73' lang='lat' dir='ltr'><strong>d).</strong></span> 
     </span>
     <span class='ocr_line' id='line_1_15' title="bbox 235 1932 1782 2024; baseline 0.007 -20"><span class='ocrx_word' id='word_1_133' title='bbox 235 1941 346 2005; x_wconf 85' lang='lat' dir='ltr'><strong>maltis</strong></span> <span class='ocrx_word' id='word_1_134' title='bbox 364 1954 439 2024; x_wconf 79' lang='lat' dir='ltr'><strong>post</strong></span> <span class='ocrx_word' id='word_1_135' title='bbox 456 1938 702 2023; x_wconf 68' lang='lat' dir='ltr'><strong>aanisprimum</strong></span> <span class='ocrx_word' id='word_1_136' title='bbox 720 1940 906 2023; x_wconf 81' lang='lat' dir='ltr'><strong>exemplum</strong></span> <span class='ocrx_word' id='word_1_137' title='bbox 924 1932 980 2002; x_wconf 83' lang='lat' dir='ltr'><strong>de·</strong></span> <span class='ocrx_word' id='word_1_138' title='bbox 1028 1938 1119 2000; x_wconf 25' lang='lat' dir='ltr'><strong>*Nam</strong></span> <span class='ocrx_word' id='word_1_139' title='bbox 1148 1958 1223 2001; x_wconf 86' lang='lat' dir='ltr'><strong>oum</strong></span> <span class='ocrx_word' id='word_1_140' title='bbox 1251 1939 1279 2002; x_wconf 92' lang='lat' dir='ltr'><strong>is</strong></span> <span class='ocrx_word' id='word_1_141' title='bbox 1306 1942 1441 2024; x_wconf 82' lang='lat' dir='ltr'><strong>¹prodat,</strong></span> <span class='ocrx_word' id='word_1_142' title='bbox 1465 1944 1665 2011; x_wconf 80' lang='lat' dir='ltr'><strong>Germanico</strong></span> <span class='ocrx_word' id='word_1_143' title='bbox 1692 1962 1782 2015; x_wconf 90' lang='lat' dir='ltr'><strong>natas</strong></span> 
     </span>
     <span class='ocr_line' id='line_1_16' title="bbox 236 2037 1781 2132; baseline 0.003 -25"><span class='ocrx_word' id='word_1_144' title='bbox 236 2044 321 2107; x_wconf 79' lang='lat' dir='ltr'><strong>derit</strong></span> <span class='ocrx_word' id='word_1_145' title='bbox 341 2047 389 2105; x_wconf 81' lang='lat' dir='ltr'><strong>ld.</strong></span> <span class='ocrx_word' id='word_1_146' title='bbox 410 2043 579 2117; x_wconf 73' lang='lat' dir='ltr'><strong>Aurelius,</strong></span> <span class='ocrx_word' id='word_1_147' title='bbox 611 2041 667 2125; x_wconf 92' lang='lat' dir='ltr'><strong>qui</strong></span> <span class='ocrx_word' id='word_1_148' title='bbox 688 2041 827 2123; x_wconf 86' lang='lat' dir='ltr'><strong>imperio</strong></span> <span class='ocrx_word' id='word_1_149' title='bbox 855 2061 913 2102; x_wconf 84' lang='lat' dir='ltr'><strong>suo</strong></span> <span class='ocrx_word' id='word_1_150' title='bbox 938 2040 979 2103; x_wconf 90' lang='lat' dir='ltr'><strong>ad</strong></span> <span class='ocrx_word' id='word_1_151' title='bbox 1037 2037 1136 2101; x_wconf 84' lang='lat' dir='ltr'><strong>saissa</strong></span> <span class='ocrx_word' id='word_1_152' title='bbox 1166 2053 1234 2101; x_wconf 90' lang='lat' dir='ltr'><strong>tres</strong></span> <span class='ocrx_word' id='word_1_153' title='bbox 1261 2061 1359 2104; x_wconf 85' lang='lat' dir='ltr'><strong>sexus</strong></span> <span class='ocrx_word' id='word_1_154' title='bbox 1389 2044 1537 2107; x_wconf 83' lang='lat' dir='ltr'><strong>feminini</strong></span> <span class='ocrx_word' id='word_1_155' title='bbox 1557 2049 1781 2132; x_wconf 77' lang='lat' dir='ltr'><strong>Agrippinam,</strong></span> 
     </span>
     <span class='ocr_line' id='line_1_17' title="bbox 233 2140 1780 2228; baseline 0.002 -21"><span class='ocrx_word' id='word_1_156' title='bbox 233 2142 332 2208; x_wconf 80' lang='lat' dir='ltr'><strong>finem</strong></span> <span class='ocrx_word' id='word_1_157' title='bbox 353 2158 524 2228; x_wconf 31' lang='lat' dir='ltr'><strong>vergente,</strong></span> <span class='ocrx_word' id='word_1_158' title='bbox 542 2142 758 2205; x_wconf 83' lang='lat' dir='ltr'><strong>Commodum</strong></span> <span class='ocrx_word' id='word_1_159' title='bbox 778 2142 882 2203; x_wconf 87' lang='lat' dir='ltr'><strong>filium</strong></span> <span class='ocrx_word' id='word_1_160' title='bbox 906 2144 980 2204; x_wconf 83' lang='lat' dir='ltr'><strong>Au·</strong></span> <span class='ocrx_word' id='word_1_161' title='bbox 1035 2140 1232 2217; x_wconf 79' lang='lat' dir='ltr'><strong>Drusillam,</strong></span> <span class='ocrx_word' id='word_1_162' title='bbox 1250 2143 1414 2207; x_wconf 75' lang='lat' dir='ltr'><strong>&#39;‘Livillam</strong></span> <span class='ocrx_word' id='word_1_163' title='bbox 1446 2148 1600 2210; x_wconf 87' lang='lat' dir='ltr'><strong>continuo</strong></span> <span class='ocrx_word' id='word_1_164' title='bbox 1628 2149 1780 2225; x_wconf 86' lang='lat' dir='ltr'><strong>triennio,</strong></span> 
     </span>
     <span class='ocr_line' id='line_1_18' title="bbox 225 2243 1782 2330; baseline 0 -20"><span class='ocrx_word' id='word_1_165' title='bbox 225 2265 367 2330; x_wconf 77' lang='lat' dir='ltr'><strong>gustum</strong></span> <span class='ocrx_word' id='word_1_166' title='bbox 394 2246 491 2320; x_wconf 85' lang='lat' dir='ltr'><strong>dixit,</strong></span> <span class='ocrx_word' id='word_1_167' title='bbox 525 2245 623 2328; x_wconf 92' lang='lat' dir='ltr'><strong>idque</strong></span> <span class='ocrx_word' id='word_1_168' title='bbox 653 2265 719 2308; x_wconf 87' lang='lat' dir='ltr'><strong>non</strong></span> <span class='ocrx_word' id='word_1_169' title='bbox 750 2243 873 2326; x_wconf 75' lang='lat' dir='ltr'><strong>legeuit</strong></span> <span class='ocrx_word' id='word_1_170' title='bbox 899 2245 979 2308; x_wconf 87' lang='lat' dir='ltr'><strong>Dio·</strong></span> <span class='ocrx_word' id='word_1_171' title='bbox 1035 2254 1163 2304; x_wconf 90' lang='lat' dir='ltr'><strong>oonstet</strong></span> <span class='ocrx_word' id='word_1_172' title='bbox 1189 2257 1296 2306; x_wconf 88' lang='lat' dir='ltr'><strong>antem</strong></span> <span class='ocrx_word' id='word_1_173' title='bbox 1317 2265 1362 2308; x_wconf 83' lang='lat' dir='ltr'><strong>ex</strong></span> <span class='ocrx_word' id='word_1_174' title='bbox 1383 2246 1513 2325; x_wconf 85' lang='lat' dir='ltr'><strong>Tacito,</strong></span> <span class='ocrx_word' id='word_1_175' title='bbox 1545 2249 1658 2312; x_wconf 90' lang='lat' dir='ltr'><strong>Iuliam</strong></span> <span class='ocrx_word' id='word_1_176' title='bbox 1683 2251 1782 2314; x_wconf 73' lang='lat' dir='ltr'><strong>uirit-</strong></span> 
     </span>
     <span class='ocr_line' id='line_1_19' title="bbox 232 2342 1781 2434; baseline 0.003 -26"><span class='ocrx_word' id='word_1_177' title='bbox 232 2366 309 2411; x_wconf 74' lang='grc' dir='ltr'><strong>ποι</strong></span> <span class='ocrx_word' id='word_1_178' title='bbox 331 2348 496 2410; x_wconf 85' lang='lat' dir='ltr'><strong>eruditum</strong></span> <span class='ocrx_word' id='word_1_179' title='bbox 519 2367 631 2408; x_wconf 82' lang='lat' dir='ltr'><strong>rerum</strong></span> <span class='ocrx_word' id='word_1_180' title='bbox 652 2347 874 2408; x_wconf 81' lang='lat' dir='ltr'><strong>Romanorum</strong></span> <span class='ocrx_word' id='word_1_181' title='bbox 898 2346 977 2408; x_wconf 82' lang='lat' dir='ltr'><strong>scri·</strong></span> <span class='ocrx_word' id='word_1_182' title='bbox 1032 2342 1098 2405; x_wconf 89' lang='lat' dir='ltr'><strong>lam</strong></span> <span class='ocrx_word' id='word_1_183' title='bbox 1128 2357 1234 2405; x_wconf 88' lang='lat' dir='ltr'><strong>natam</strong></span> <span class='ocrx_word' id='word_1_184' title='bbox 1270 2346 1310 2412; x_wconf 88' lang='lat' dir='ltr'><strong>V.</strong></span> <span class='ocrx_word' id='word_1_185' title='bbox 1343 2347 1380 2408; x_wconf 85' lang='lat' dir='ltr'><strong>C.</strong></span> <span class='ocrx_word' id='word_1_186' title='bbox 1410 2370 1469 2428; x_wconf 84' lang='lat'><strong>77¹</strong></span> <span class='ocrx_word' id='word_1_187' title='bbox 1498 2349 1545 2430; x_wconf 53' lang='grc' dir='ltr'><strong>ε),</strong></span> <span class='ocrx_word' id='word_1_188' title='bbox 1598 2351 1704 2434; x_wconf 83' lang='lat' dir='ltr'><strong>palam</strong></span> <span class='ocrx_word' id='word_1_189' title='bbox 1733 2350 1781 2429; x_wconf 83' lang='lat' dir='ltr'><strong>tit,</strong></span> 
     </span>
     <span class='ocr_line' id='line_1_20' title="bbox 232 2443 1781 2530; baseline 0.001 -19"><span class='ocrx_word' id='word_1_190' title='bbox 232 2447 382 2530; x_wconf 60' lang='lat' dir='ltr'><strong>sitorum,</strong></span> <span class='ocrx_word' id='word_1_191' title='bbox 400 2446 560 2510; x_wconf 84' lang='lat' dir='ltr'><strong>credibile</strong></span> <span class='ocrx_word' id='word_1_192' title='bbox 581 2461 646 2522; x_wconf 80' lang='lat' dir='ltr'><strong>est,</strong></span> <span class='ocrx_word' id='word_1_193' title='bbox 668 2467 711 2510; x_wconf 90' lang='lat' dir='ltr'><strong>ne</strong></span> <span class='ocrx_word' id='word_1_194' title='bbox 730 2447 870 2509; x_wconf 91' lang='lat' dir='ltr'><strong>otiosum</strong></span> <span class='ocrx_word' id='word_1_195' title='bbox 889 2446 976 2507; x_wconf 88' lang='lat' dir='ltr'><strong>istud</strong></span> <span class='ocrx_word' id='word_1_196' title='bbox 1033 2443 1247 2526; x_wconf 83' lang='lat' dir='ltr'><strong>Agrippinam</strong></span> <span class='ocrx_word' id='word_1_197' title='bbox 1263 2445 1391 2509; x_wconf 88' lang='lat' dir='ltr'><strong>laudato</strong></span> <span class='ocrx_word' id='word_1_198' title='bbox 1409 2469 1427 2510; x_wconf 86' lang='lat' dir='ltr'><strong>a</strong></span> <span class='ocrx_word' id='word_1_199' title='bbox 1448 2471 1502 2512; x_wconf 89' lang='lat' dir='ltr'><strong>me</strong></span> <span class='ocrx_word' id='word_1_200' title='bbox 1522 2472 1606 2515; x_wconf 90' lang='lat' dir='ltr'><strong>auno</strong></span> <span class='ocrx_word' id='word_1_201' title='bbox 1622 2452 1656 2513; x_wconf 86' lang='lat' dir='ltr'><strong>ia</strong></span> <span class='ocrx_word' id='word_1_202' title='bbox 1672 2452 1781 2515; x_wconf 88' lang='lat' dir='ltr'><strong>luceru</strong></span> 
     </span>
     <span class='ocr_line' id='line_1_21' title="bbox 194 2543 1782 2631; baseline 0 -17"><span class='ocrx_word' id='word_1_203' title='bbox 194 2582 199 2591; x_wconf 61' lang='lat'>¹</span> <span class='ocrx_word' id='word_1_204' title='bbox 225 2551 304 2631; x_wconf 71' lang='lat' dir='ltr'><strong>,ejus</strong></span> <span class='ocrx_word' id='word_1_205' title='bbox 333 2549 457 2613; x_wconf 65' lang='lat' dir='ltr'><strong>&amp;mum</strong></span> <span class='ocrx_word' id='word_1_206' title='bbox 483 2549 657 2623; x_wconf 89' lang='lat' dir='ltr'><strong>habeatur,</strong></span> <span class='ocrx_word' id='word_1_207' title='bbox 692 2570 800 2610; x_wconf 85' lang='lat' dir='ltr'><strong>ausam</strong></span> <span class='ocrx_word' id='word_1_208' title='bbox 827 2548 977 2610; x_wconf 85' lang='lat' dir='ltr'><strong>Messali-</strong></span> <span class='ocrx_word' id='word_1_209' title='bbox 1032 2543 1162 2607; x_wconf 89' lang='lat' dir='ltr'><strong>editam.</strong></span> <span class='ocrx_word' id='word_1_210' title='bbox 1213 2547 1360 2610; x_wconf 78' lang='lat' dir='ltr'><strong>Natalem</strong></span> <span class='ocrx_word' id='word_1_211' title='bbox 1405 2551 1636 2615; x_wconf 83' lang='lat' dir='ltr'><strong>Iialendatinm</strong></span> <span class='ocrx_word' id='word_1_212' title='bbox 1672 2554 1782 2614; x_wconf 79' lang='lat' dir='ltr'><strong>dutia-</strong></span> 
     </span>
     <span class='ocr_line' id='line_1_22' title="bbox 231 2639 1779 2733; baseline 0 -17"><span class='ocrx_word' id='word_1_213' title='bbox 231 2672 307 2716; x_wconf 68' lang='grc' dir='ltr'><strong>κω</strong></span> <span class='ocrx_word' id='word_1_214' title='bbox 334 2657 501 2733; x_wconf 77' lang='lat' dir='ltr'><strong>Augustae</strong></span> <span class='ocrx_word' id='word_1_215' title='bbox 532 2650 593 2712; x_wconf 89' lang='lat' dir='ltr'><strong>sibi</strong></span> <span class='ocrx_word' id='word_1_216' title='bbox 624 2670 744 2712; x_wconf 92' lang='lat' dir='ltr'><strong>nomen</strong></span> <span class='ocrx_word' id='word_1_217' title='bbox 781 2649 973 2732; x_wconf 84' lang='lat' dir='ltr'><strong>efflagitare,</strong></span> <span class='ocrx_word' id='word_1_218' title='bbox 1034 2645 1136 2708; x_wconf 88' lang='lat' dir='ltr'><strong>tinum</strong></span> <span class='ocrx_word' id='word_1_219' title='bbox 1151 2647 1262 2710; x_wconf 88' lang='lat' dir='ltr'><strong>statuit</strong></span> <span class='ocrx_word' id='word_1_220' title='bbox 1276 2639 1366 2712; x_wconf 78' lang='lat' dir='ltr'><strong>diem&#39;</strong></span> <span class='ocrx_word' id='word_1_221' title='bbox 1383 2651 1438 2717; x_wconf 80' lang='lat' dir='ltr'><strong>VI.</strong></span> <span class='ocrx_word' id='word_1_222' title='bbox 1455 2655 1664 2732; x_wconf 83' lang='lat' dir='ltr'><strong>Novembris.</strong></span> <span class='ocrx_word' id='word_1_223' title='bbox 1686 2656 1728 2720; x_wconf 82' lang='lat' dir='ltr'><strong>V.</strong></span> <span class='ocrx_word' id='word_1_224' title='bbox 1740 2658 1779 2717; x_wconf 91' lang='lat' dir='ltr'><strong>C.</strong></span> 
     </span>
     <span class='ocr_line' id='line_1_23' title="bbox 231 2748 1779 2834; baseline -0.002 -16"><span class='ocrx_word' id='word_1_225' title='bbox 231 2773 269 2818; x_wconf 74' lang='lat' dir='ltr'><strong>aa</strong></span> <span class='ocrx_word' id='word_1_226' title='bbox 288 2774 331 2817; x_wconf 91' lang='lat' dir='ltr'><strong>ue</strong></span> <span class='ocrx_word' id='word_1_227' title='bbox 346 2752 433 2815; x_wconf 90' lang='lat' dir='ltr'><strong>istud</strong></span> <span class='ocrx_word' id='word_1_228' title='bbox 449 2766 585 2834; x_wconf 86' lang='lat' dir='ltr'><strong>propter</strong></span> <span class='ocrx_word' id='word_1_229' title='bbox 600 2751 775 2816; x_wconf 81' lang='lat' dir='ltr'><strong>novitatem</strong></span> <span class='ocrx_word' id='word_1_230' title='bbox 795 2750 976 2834; x_wconf 74' lang='lat' dir='ltr'><strong>iabugusti</strong></span> <span class='ocrx_word' id='word_1_231' title='bbox 1032 2748 1142 2827; x_wconf 76' lang='grc' dir='ltr'><strong>78ιέ</strong></span> <span class='ocrx_word' id='word_1_232' title='bbox 1170 2748 1307 2812; x_wconf 83' lang='lat' dir='ltr'><strong>Tiberio</strong></span> <span class='ocrx_word' id='word_1_233' title='bbox 1337 2752 1463 2814; x_wconf 80' lang='lat' dir='ltr'><strong>elacata</strong></span> <span class='ocrx_word' id='word_1_234' title='bbox 1491 2752 1554 2815; x_wconf 85' lang='lat' dir='ltr'><strong>fuit</strong></span> <span class='ocrx_word' id='word_1_235' title='bbox 1586 2757 1644 2818; x_wconf 87' lang='lat' dir='ltr'><strong>Cn.</strong></span> <span class='ocrx_word' id='word_1_236' title='bbox 1667 2756 1779 2818; x_wconf 85' lang='lat' dir='ltr'><strong>Domi·</strong></span> 
     </span>
     <span class='ocr_line' id='line_1_24' title="bbox 218 2846 1778 2936; baseline -0.001 -20"><span class='ocrx_word' id='word_1_237' title='bbox 218 2875 337 2918; x_wconf 52' lang='lat' dir='ltr'><strong>«uxore</strong></span> <span class='ocrx_word' id='word_1_238' title='bbox 362 2852 556 2916; x_wconf 77' lang='lat' dir='ltr'><strong>inuidiosum</strong></span> <span class='ocrx_word' id='word_1_239' title='bbox 579 2867 686 2929; x_wconf 86' lang='lat' dir='ltr'><strong>esset,</strong></span> <span class='ocrx_word' id='word_1_240' title='bbox 721 2852 864 2917; x_wconf 80' lang='lat' dir='ltr'><strong>voluisse</strong></span> <span class='ocrx_word' id='word_1_241' title='bbox 895 2853 976 2915; x_wconf 89' lang='lat' dir='ltr'><strong>mol·</strong></span> <span class='ocrx_word' id='word_1_242' title='bbox 1033 2846 1079 2910; x_wconf 86' lang='lat' dir='ltr'><strong>tio</strong></span> <span class='ocrx_word' id='word_1_243' title='bbox 1107 2849 1327 2915; x_wconf 70' lang='lat' dir='ltr'><strong>Ahenobarbo</strong></span> <span class='ocrx_word' id='word_1_244' title='bbox 1347 2849 1394 2933; x_wconf 85' lang='lat'><strong>¹),</strong></span> <span class='ocrx_word' id='word_1_245' title='bbox 1433 2872 1475 2914; x_wconf 82' lang='lat' dir='ltr'><strong>ax</strong></span> <span class='ocrx_word' id='word_1_246' title='bbox 1512 2874 1577 2936; x_wconf 86' lang='lat' dir='ltr'><strong>quo</strong></span> <span class='ocrx_word' id='word_1_247' title='bbox 1608 2855 1647 2918; x_wconf 90' lang='lat' dir='ltr'><strong>L.</strong></span> <span class='ocrx_word' id='word_1_248' title='bbox 1663 2855 1778 2916; x_wconf 89' lang='lat' dir='ltr'><strong>Domi·</strong></span> 
     </span>
     <span class='ocr_line' id='line_1_25' title="bbox 219 2948 1779 3038; baseline 0 -21"><span class='ocrx_word' id='word_1_249' title='bbox 219 2955 294 3018; x_wconf 80' lang='lat' dir='ltr'><strong>-lire</strong></span> <span class='ocrx_word' id='word_1_250' title='bbox 318 2954 472 3018; x_wconf 81' lang='lat' dir='ltr'><strong>invidiam</strong></span> <span class='ocrx_word' id='word_1_251' title='bbox 506 2954 594 3016; x_wconf 90' lang='lat' dir='ltr'><strong>idem</strong></span> <span class='ocrx_word' id='word_1_252' title='bbox 616 2954 716 3018; x_wconf 86' lang='lat' dir='ltr'><strong>decus</strong></span> <span class='ocrx_word' id='word_1_253' title='bbox 743 2974 803 3035; x_wconf 79' lang='lat' dir='ltr'><strong>pro</strong></span> <span class='ocrx_word' id='word_1_254' title='bbox 824 2953 895 3014; x_wconf 85' lang='lat' dir='ltr'><strong>lilio</strong></span> <span class='ocrx_word' id='word_1_255' title='bbox 920 2973 975 3017; x_wconf 88' lang='lat' dir='ltr'><strong>ex·</strong></span> <span class='ocrx_word' id='word_1_256' title='bbox 1032 2948 1130 3024; x_wconf 89' lang='lat' dir='ltr'><strong>tium,</strong></span> <span class='ocrx_word' id='word_1_257' title='bbox 1165 2951 1303 3016; x_wconf 88' lang='lat' dir='ltr'><strong>subinde</strong></span> <span class='ocrx_word' id='word_1_258' title='bbox 1325 2954 1493 3016; x_wconf 88' lang='lat' dir='ltr'><strong>Neronem</strong></span> <span class='ocrx_word' id='word_1_259' title='bbox 1515 2955 1676 3038; x_wconf 82' lang='lat' dir='ltr'><strong>concepit.</strong></span> <span class='ocrx_word' id='word_1_260' title='bbox 1718 2959 1779 3017; x_wconf 84' lang='lat' dir='ltr'><strong>lm·</strong></span> 
     </span>
     <span class='ocr_line' id='line_1_26' title="bbox 230 3053 1780 3141; baseline -0.002 -22"><span class='ocrx_word' id='word_1_261' title='bbox 230 3055 385 3141; x_wconf 81' lang='lat' dir='ltr'><strong>petendo,</strong></span> <span class='ocrx_word' id='word_1_262' title='bbox 412 3056 646 3140; x_wconf 82' lang='lat' dir='ltr'><strong>decretumque</strong></span> <span class='ocrx_word' id='word_1_263' title='bbox 679 3055 765 3118; x_wconf 89' lang='lat' dir='ltr'><strong>istud</strong></span> <span class='ocrx_word' id='word_1_264' title='bbox 787 3055 850 3136; x_wconf 90' lang='lat' dir='ltr'><strong>jam</strong></span> <span class='ocrx_word' id='word_1_265' title='bbox 875 3055 976 3118; x_wconf 84' lang='lat' dir='ltr'><strong>luerit</strong></span> <span class='ocrx_word' id='word_1_266' title='bbox 1032 3064 1169 3133; x_wconf 83' lang='lat' dir='ltr'><strong>perante</strong></span> <span class='ocrx_word' id='word_1_267' title='bbox 1195 3053 1342 3136; x_wconf 80' lang='lat' dir='ltr'><strong>Caligula</strong></span> <span class='ocrx_word' id='word_1_268' title='bbox 1368 3071 1541 3119; x_wconf 82' lang='lat' dir='ltr'><strong>commuue</strong></span> <span class='ocrx_word' id='word_1_269' title='bbox 1562 3076 1636 3119; x_wconf 86' lang='lat' dir='ltr'><strong>oum</strong></span> <span class='ocrx_word' id='word_1_270' title='bbox 1659 3056 1780 3118; x_wconf 62' lang='lat' dir='ltr'><strong>sorori</strong></span> 
     </span>
     <span class='ocr_line' id='line_1_27' title="bbox 231 3138 1780 3240; baseline -0.001 -18"><span class='ocrx_word' id='word_1_271' title='bbox 231 3181 249 3222; x_wconf 92' lang='lat' dir='ltr'><strong>a</strong></span> <span class='ocrx_word' id='word_1_272' title='bbox 279 3170 413 3233; x_wconf 86' lang='lat' dir='ltr'><strong>senatu,</strong></span> <span class='ocrx_word' id='word_1_273' title='bbox 450 3171 485 3220; x_wconf 89' lang='lat' dir='ltr'><strong>et</strong></span> <span class='ocrx_word' id='word_1_274' title='bbox 507 3178 567 3240; x_wconf 89' lang='lat' dir='ltr'><strong>per</strong></span> <span class='ocrx_word' id='word_1_275' title='bbox 601 3158 784 3240; x_wconf 84' lang='lat' dir='ltr'><strong>provincias</strong></span> <span class='ocrx_word' id='word_1_276' title='bbox 823 3156 975 3234; x_wconf 86' lang='lat' dir='ltr'><strong>diditum,</strong></span> <span class='ocrx_word' id='word_1_277' title='bbox 1033 3152 1094 3216; x_wconf 87' lang='lat' dir='ltr'><strong>bus</strong></span> <span class='ocrx_word' id='word_1_278' title='bbox 1126 3153 1226 3218; x_wconf 86' lang='lat' dir='ltr'><strong>iatum</strong></span> <span class='ocrx_word' id='word_1_279' title='bbox 1253 3153 1381 3235; x_wconf 82' lang='lat' dir='ltr'><strong>habuit3</strong></span> <span class='ocrx_word' id='word_1_280' title='bbox 1414 3176 1490 3218; x_wconf 87' lang='lat' dir='ltr'><strong>nam</strong></span> <span class='ocrx_word' id='word_1_281' title='bbox 1510 3138 1648 3239; x_wconf 65' lang='lat' dir='ltr'><strong>perinde</strong></span> <span class='ocrx_word' id='word_1_282' title='bbox 1672 3157 1780 3221; x_wconf 83' lang='lat' dir='ltr'><strong>vitiata</strong></span> 
     </span>
     <span class='ocr_line' id='line_1_28' title="bbox 230 3254 1780 3342; baseline 0.001 -21"><span class='ocrx_word' id='word_1_283' title='bbox 230 3261 284 3322; x_wconf 86' lang='lat' dir='ltr'><strong>cui</strong></span> <span class='ocrx_word' id='word_1_284' title='bbox 307 3260 435 3321; x_wconf 85' lang='lat' dir='ltr'><strong>rumori</strong></span> <span class='ocrx_word' id='word_1_285' title='bbox 459 3281 532 3323; x_wconf 86' lang='lat' dir='ltr'><strong>curu</strong></span> <span class='ocrx_word' id='word_1_286' title='bbox 555 3258 783 3341; x_wconf 75' lang='lat' dir='ltr'><strong>intempestive</strong></span> <span class='ocrx_word' id='word_1_287' title='bbox 802 3257 900 3320; x_wconf 90' lang='lat' dir='ltr'><strong>lidem</strong></span> <span class='ocrx_word' id='word_1_288' title='bbox 922 3259 977 3320; x_wconf 83' lang='lat' dir='ltr'><strong>laa-</strong></span> <span class='ocrx_word' id='word_1_289' title='bbox 1033 3254 1176 3318; x_wconf 84' lang='lat' dir='ltr'><strong>airstre</strong></span> <span class='ocrx_word' id='word_1_290' title='bbox 1202 3255 1280 3331; x_wconf 74' lang='lat' dir='ltr'><strong>fult,</strong></span> <span class='ocrx_word' id='word_1_291' title='bbox 1311 3269 1342 3319; x_wconf 87' lang='lat' dir='ltr'><strong>at</strong></span> <span class='ocrx_word' id='word_1_292' title='bbox 1372 3277 1446 3319; x_wconf 88' lang='lat' dir='ltr'><strong>oum</strong></span> <span class='ocrx_word' id='word_1_293' title='bbox 1473 3271 1687 3342; x_wconf 85' lang='lat' dir='ltr'><strong>argueretur,</strong></span> <span class='ocrx_word' id='word_1_294' title='bbox 1716 3261 1780 3323; x_wconf 90' lang='lat' dir='ltr'><strong>Lo·</strong></span> 
     </span>
     <span class='ocr_line' id='line_1_29' title="bbox 228 3354 1779 3444; baseline -0.001 -19"><span class='ocrx_word' id='word_1_295' title='bbox 228 3359 327 3425; x_wconf 75' lang='lat' dir='ltr'><strong>beret</strong></span> <span class='ocrx_word' id='word_1_296' title='bbox 352 3361 497 3439; x_wconf 87' lang='lat' dir='ltr'><strong>colonia,</strong></span> <span class='ocrx_word' id='word_1_297' title='bbox 522 3363 676 3439; x_wconf 76' lang='lat' dir='ltr'><strong>Augusti</strong></span> <span class='ocrx_word' id='word_1_298' title='bbox 701 3360 830 3421; x_wconf 85' lang='lat' dir='ltr'><strong>titulum</strong></span> <span class='ocrx_word' id='word_1_299' title='bbox 852 3359 977 3421; x_wconf 88' lang='lat' dir='ltr'><strong>Britan·</strong></span> <span class='ocrx_word' id='word_1_300' title='bbox 1033 3354 1129 3438; x_wconf 86' lang='lat' dir='ltr'><strong>pido,</strong></span> <span class='ocrx_word' id='word_1_301' title='bbox 1160 3357 1313 3441; x_wconf 87' lang='lat' dir='ltr'><strong>aliisquo,</strong></span> <span class='ocrx_word' id='word_1_302' title='bbox 1345 3372 1441 3444; x_wconf 89' lang='lat' dir='ltr'><strong>atque</strong></span> <span class='ocrx_word' id='word_1_303' title='bbox 1472 3359 1541 3442; x_wconf 85' lang='lat' dir='ltr'><strong>ipsi</strong></span> <span class='ocrx_word' id='word_1_304' title='bbox 1557 3360 1653 3422; x_wconf 83' lang='lat' dir='ltr'><strong>etiam</strong></span> <span class='ocrx_word' id='word_1_305' title='bbox 1677 3362 1779 3424; x_wconf 88' lang='lat' dir='ltr'><strong>Seno·</strong></span> 
     </span>
     <span class='ocr_line' id='line_1_30' title="bbox 225 3458 1778 3545; baseline -0.003 -19"><span class='ocrx_word' id='word_1_306' title='bbox 225 3465 304 3526; x_wconf 77' lang='lat' dir='ltr'><strong>uico</strong></span> <span class='ocrx_word' id='word_1_307' title='bbox 333 3461 516 3536; x_wconf 82' lang='lat' dir='ltr'><strong>addiderit,</strong></span> <span class='ocrx_word' id='word_1_308' title='bbox 546 3477 717 3545; x_wconf 87' lang='lat' dir='ltr'><strong>antequam</strong></span> <span class='ocrx_word' id='word_1_309' title='bbox 752 3459 794 3522; x_wconf 90' lang='lat' dir='ltr'><strong>de</strong></span> <span class='ocrx_word' id='word_1_310' title='bbox 826 3458 974 3523; x_wconf 88' lang='lat' dir='ltr'><strong>modera-</strong></span> <span class='ocrx_word' id='word_1_311' title='bbox 1031 3478 1089 3521; x_wconf 87' lang='lat' dir='ltr'><strong>cae</strong></span> <span class='ocrx_word' id='word_1_312' title='bbox 1113 3478 1232 3541; x_wconf 85' lang='lat' dir='ltr'><strong>corpus</strong></span> <span class='ocrx_word' id='word_1_313' title='bbox 1253 3459 1422 3542; x_wconf 80' lang='lat' dir='ltr'><strong>vulgasse,</strong></span> <span class='ocrx_word' id='word_1_314' title='bbox 1447 3459 1593 3540; x_wconf 87' lang='lat' dir='ltr'><strong>relegata</strong></span> <span class='ocrx_word' id='word_1_315' title='bbox 1617 3475 1667 3522; x_wconf 85' lang='lat' dir='ltr'><strong>ost</strong></span> <span class='ocrx_word' id='word_1_316' title='bbox 1686 3463 1778 3521; x_wconf 89' lang='lat' dir='ltr'><strong>inin-</strong></span> 
     </span>
     <span class='ocr_line' id='line_1_31' title="bbox 226 3559 1776 3643; baseline -0.003 -15"><span class='ocrx_word' id='word_1_317' title='bbox 226 3565 324 3628; x_wconf 78' lang='lat' dir='ltr'><strong>tiosis</strong></span> <span class='ocrx_word' id='word_1_318' title='bbox 341 3563 470 3628; x_wconf 86' lang='lat' dir='ltr'><strong>Claudii</strong></span> <span class='ocrx_word' id='word_1_319' title='bbox 491 3565 657 3626; x_wconf 83' lang='lat' dir='ltr'><strong>voluntate</strong></span> <span class='ocrx_word' id='word_1_320' title='bbox 676 3574 856 3637; x_wconf 84' lang='lat' dir='ltr'><strong>constaret,</strong></span> <span class='ocrx_word' id='word_1_321' title='bbox 879 3581 973 3643; x_wconf 90' lang='lat' dir='ltr'><strong>prae·</strong></span> <span class='ocrx_word' id='word_1_322' title='bbox 1031 3560 1116 3622; x_wconf 88' lang='lat' dir='ltr'><strong>sulas</strong></span> <span class='ocrx_word' id='word_1_323' title='bbox 1134 3559 1282 3636; x_wconf 89' lang='lat' dir='ltr'><strong>Pontias,</strong></span> <span class='ocrx_word' id='word_1_324' title='bbox 1304 3574 1414 3623; x_wconf 84' lang='lat' dir='ltr'><strong>coacta</strong></span> <span class='ocrx_word' id='word_1_325' title='bbox 1430 3561 1581 3640; x_wconf 84' lang='lat' dir='ltr'><strong>iusuper,</strong></span> <span class='ocrx_word' id='word_1_326' title='bbox 1605 3561 1698 3622; x_wconf 85' lang='lat' dir='ltr'><strong>oaesi</strong></span> <span class='ocrx_word' id='word_1_327' title='bbox 1714 3564 1776 3625; x_wconf 89' lang='lat' dir='ltr'><strong>Le·</strong></span> 
     </span>
    </p>
   </div>
   <div class='ocr_carea' id='block_1_3' title="bbox 1508 1099 1528 1136">
    <p class='ocr_par' dir='ltr' id='par_1_4' title="bbox 1508 1099 1528 1136">
     <span class='ocr_line' id='line_1_32' title="bbox 1508 1099 1528 1136; baseline 0 0"><span class='ocrx_word' id='word_1_328' title='bbox 1508 1099 1528 1136; x_wconf 60' lang='grc' dir='ltr'>ὓ</span> 
     </span>
    </p>
   </div>
   <div class='ocr_carea' id='block_1_4' title="bbox 1127 1297 1678 1372">
    <p class='ocr_par' dir='ltr' id='par_1_5' title="bbox 1127 1297 1678 1372">
     <span class='ocr_line' id='line_1_33' title="bbox 1127 1297 1678 1372; baseline 0.024 -14"><span class='ocrx_word' id='word_1_329' title='bbox 1127 1299 1297 1361; x_wconf 79' lang='lat' dir='ltr'><em>IVLIA</em></span> <span class='ocrx_word' id='word_1_330' title='bbox 1340 1297 1678 1372; x_wconf 77' lang='lat' dir='ltr'><em>AGRIPPINA.</em></span> 
     </span>
    </p>
   </div>
   <div class='ocr_carea' id='block_1_5' title="bbox 219 3659 1776 4251">
    <p class='ocr_par' dir='ltr' id='par_1_6' title="bbox 219 3659 1776 4155">
     <span class='ocr_line' id='line_1_34' title="bbox 226 3659 1776 3747; baseline -0.005 -17"><span class='ocrx_word' id='word_1_331' title='bbox 226 3686 329 3731; x_wconf 76' lang='lat' dir='ltr'><strong>uoces</strong></span> <span class='ocrx_word' id='word_1_332' title='bbox 343 3666 405 3729; x_wconf 88' lang='lat' dir='ltr'><strong>bos</strong></span> <span class='ocrx_word' id='word_1_333' title='bbox 421 3667 564 3728; x_wconf 88' lang='lat' dir='ltr'><strong>bonores</strong></span> <span class='ocrx_word' id='word_1_334' title='bbox 578 3678 645 3725; x_wconf 91' lang='lat' dir='ltr'><strong>tum</strong></span> <span class='ocrx_word' id='word_1_335' title='bbox 663 3682 729 3725; x_wconf 91' lang='lat' dir='ltr'><strong>nou</strong></span> <span class='ocrx_word' id='word_1_336' title='bbox 744 3661 970 3746; x_wconf 82' lang='lat' dir='ltr'><strong>permittentis.</strong></span> <span class='ocrx_word' id='word_1_337' title='bbox 1031 3660 1099 3743; x_wconf 80' lang='lat' dir='ltr'><strong>pidi</strong></span> <span class='ocrx_word' id='word_1_338' title='bbox 1122 3682 1192 3724; x_wconf 89' lang='lat' dir='ltr'><strong>ossa</strong></span> <span class='ocrx_word' id='word_1_339' title='bbox 1216 3680 1318 3724; x_wconf 86' lang='lat' dir='ltr'><strong>urnae</strong></span> <span class='ocrx_word' id='word_1_340' title='bbox 1334 3660 1457 3722; x_wconf 87' lang='lat' dir='ltr'><strong>inclusa</strong></span> <span class='ocrx_word' id='word_1_341' title='bbox 1480 3659 1513 3720; x_wconf 92' lang='lat' dir='ltr'><strong>iu</strong></span> <span class='ocrx_word' id='word_1_342' title='bbox 1538 3660 1688 3743; x_wconf 82' lang='lat' dir='ltr'><strong>sinopen</strong></span> <span class='ocrx_word' id='word_1_343' title='bbox 1709 3682 1776 3747; x_wconf 87' lang='lat' dir='ltr'><strong>om·</strong></span> 
     </span>
     <span class='ocr_line' id='line_1_35' title="bbox 221 3757 1772 3847; baseline -0.005 -15"><span class='ocrx_word' id='word_1_344' title='bbox 221 3769 312 3832; x_wconf 70' lang='lat' dir='ltr'><strong>Satis</strong></span> <span class='ocrx_word' id='word_1_345' title='bbox 346 3779 493 3841; x_wconf 77' lang='lat' dir='ltr'><strong>constat,</strong></span> <span class='ocrx_word' id='word_1_346' title='bbox 539 3764 741 3847; x_wconf 89' lang='lat' dir='ltr'><strong>repudiatum</strong></span> <span class='ocrx_word' id='word_1_347' title='bbox 780 3764 820 3826; x_wconf 90' lang='lat' dir='ltr'><strong>ab</strong></span> <span class='ocrx_word' id='word_1_348' title='bbox 853 3762 971 3825; x_wconf 88' lang='lat' dir='ltr'><strong>eodem</strong></span> <span class='ocrx_word' id='word_1_349' title='bbox 1029 3782 1106 3824; x_wconf 87' lang='lat' dir='ltr'><strong>uem</strong></span> <span class='ocrx_word' id='word_1_350' title='bbox 1142 3762 1225 3824; x_wconf 77' lang='lat' dir='ltr'><strong>aiam</strong></span> <span class='ocrx_word' id='word_1_351' title='bbox 1258 3762 1397 3822; x_wconf 80' lang='lat' dir='ltr'><strong>Romam</strong></span> <span class='ocrx_word' id='word_1_352' title='bbox 1434 3779 1535 3843; x_wconf 81' lang='lat' dir='ltr'><strong>usque</strong></span> <span class='ocrx_word' id='word_1_353' title='bbox 1574 3757 1772 3844; x_wconf 70' lang='lat' dir='ltr'><strong>deferres).</strong></span> 
     </span>
     <span class='ocr_line' id='line_1_36' title="bbox 219 3859 1775 3951; baseline -0.003 -20"><span class='ocrx_word' id='word_1_354' title='bbox 219 3874 333 3951; x_wconf 75' lang='lat' dir='ltr'><strong>patris</strong></span> <span class='ocrx_word' id='word_1_355' title='bbox 359 3883 495 3930; x_wconf 81' lang='lat' dir='ltr'><strong>senatus</strong></span> <span class='ocrx_word' id='word_1_356' title='bbox 511 3868 640 3928; x_wconf 91' lang='lat' dir='ltr'><strong>titulum</strong></span> <span class='ocrx_word' id='word_1_357' title='bbox 669 3867 825 3928; x_wconf 86' lang='lat' dir='ltr'><strong>haetenus</strong></span> <span class='ocrx_word' id='word_1_358' title='bbox 848 3865 971 3930; x_wconf 91' lang='lat' dir='ltr'><strong>iuandi·</strong></span> <span class='ocrx_word' id='word_1_359' title='bbox 1027 3863 1133 3927; x_wconf 84' lang='lat' dir='ltr'><strong>Caeso</strong></span> <span class='ocrx_word' id='word_1_360' title='bbox 1156 3862 1303 3944; x_wconf 80' lang='lat' dir='ltr'><strong>Caligula</strong></span> <span class='ocrx_word' id='word_1_361' title='bbox 1327 3872 1487 3943; x_wconf 77' lang='lat' dir='ltr'><strong>apstruo</strong></span> <span class='ocrx_word' id='word_1_362' title='bbox 1515 3859 1651 3924; x_wconf 87' lang='lat' dir='ltr'><strong>Claudio</strong></span> <span class='ocrx_word' id='word_1_363' title='bbox 1679 3869 1775 3944; x_wconf 66' lang='lat' dir='ltr'><strong>&#39;reso-</strong></span> 
     </span>
     <span class='ocr_line' id='line_1_37' title="bbox 222 3960 1770 4053; baseline -0.005 -19"><span class='ocrx_word' id='word_1_364' title='bbox 222 3987 313 4046; x_wconf 75' lang='grc' dir='ltr'><strong>ιω,</strong></span> <span class='ocrx_word' id='word_1_365' title='bbox 338 3969 485 4053; x_wconf 79' lang='lat' dir='ltr'><strong>quamsi</strong></span> <span class='ocrx_word' id='word_1_366' title='bbox 503 3968 575 4050; x_wconf 85' lang='lat' dir='ltr'><strong>plus</strong></span> <span class='ocrx_word' id='word_1_367' title='bbox 596 3981 972 4052; x_wconf 87' lang='lat' dir='ltr'><strong>aequoasseutansoou·</strong></span> <span class='ocrx_word' id='word_1_368' title='bbox 1028 3976 1097 4026; x_wconf 86' lang='lat' dir='ltr'><strong>oata</strong></span> <span class='ocrx_word' id='word_1_369' title='bbox 1126 3965 1279 4037; x_wconf 84' lang='lat' dir='ltr'><strong>Romam,</strong></span> <span class='ocrx_word' id='word_1_370' title='bbox 1305 3975 1438 4039; x_wconf 42' lang='lat' dir='ltr'><strong>,mortuo</strong></span> <span class='ocrx_word' id='word_1_371' title='bbox 1467 3960 1553 4023; x_wconf 89' lang='lat' dir='ltr'><strong>iuter</strong></span> <span class='ocrx_word' id='word_1_372' title='bbox 1567 3964 1661 4028; x_wconf 78' lang='lat' dir='ltr'><strong>bae&#39;c</strong></span> <span class='ocrx_word' id='word_1_373' title='bbox 1683 3967 1770 4048; x_wconf 83' lang='lat' dir='ltr'><strong>prio&#39;-</strong></span> 
     </span>
     <span class='ocr_line' id='line_1_38' title="bbox 219 4063 1769 4155; baseline -0.004 -19"><span class='ocrx_word' id='word_1_374' title='bbox 219 4073 274 4137; x_wconf 83' lang='lat' dir='ltr'><strong>sni</strong></span> <span class='ocrx_word' id='word_1_375' title='bbox 286 4072 462 4155; x_wconf 76' lang='lat' dir='ltr'><strong>Vipsanius</strong></span> <span class='ocrx_word' id='word_1_376' title='bbox 481 4069 628 4134; x_wconf 80' lang='lat' dir='ltr'><strong>decrerit</strong></span> <span class='ocrx_word' id='word_1_377' title='bbox 650 4069 693 4151; x_wconf 75' lang='lat'>¹¹).</span> <span class='ocrx_word' id='word_1_378' title='bbox 1027 4084 1065 4126; x_wconf 86' lang='lat' dir='ltr'><strong>re</strong></span> <span class='ocrx_word' id='word_1_379' title='bbox 1095 4063 1227 4138; x_wconf 81' lang='lat' dir='ltr'><strong>marito,</strong></span> <span class='ocrx_word' id='word_1_380' title='bbox 1262 4063 1371 4146; x_wconf 80' lang='lat' dir='ltr'><strong>nupsit</strong></span> <span class='ocrx_word' id='word_1_381' title='bbox 1400 4063 1515 4145; x_wconf 86' lang='lat' dir='ltr'><strong>Crispo</strong></span> <span class='ocrx_word' id='word_1_382' title='bbox 1544 4063 1700 4127; x_wconf 82' lang='lat' dir='ltr'><strong>Passieno</strong></span> <span class='ocrx_word' id='word_1_383' title='bbox 1725 4065 1769 4147; x_wconf 87' lang='lat'>¹¹).</span> 
     </span>
    </p>

    <p class='ocr_par' dir='ltr' id='par_1_7' title="bbox 593 4163 1772 4251">
     <span class='ocr_line' id='line_1_39' title="bbox 593 4163 1772 4251; baseline 0.004 -25"><span class='ocrx_word' id='word_1_384' title='bbox 593 4170 612 4208; x_wconf 81' lang='lat'><em>*</em></span> <span class='ocrx_word' id='word_1_385' title='bbox 1027 4166 1107 4227; x_wconf 91' lang='lat' dir='ltr'><strong>Post</strong></span> <span class='ocrx_word' id='word_1_386' title='bbox 1126 4163 1320 4227; x_wconf 85' lang='lat' dir='ltr'><strong>Messalinae</strong></span> <span class='ocrx_word' id='word_1_387' title='bbox 1354 4163 1521 4251; x_wconf 76' lang='lat' dir='ltr'><strong>interitum</strong></span> <span class='ocrx_word' id='word_1_388' title='bbox 1548 4163 1631 4227; x_wconf 86' lang='lat' dir='ltr'><strong>adso</strong></span> <span class='ocrx_word' id='word_1_389' title='bbox 1659 4167 1772 4231; x_wconf 79' lang='lat' dir='ltr'><strong>allece-</strong></span> 
     </span>
    </p>
   </div>
   <div class='ocr_carea' id='block_1_6' title="bbox 287 4217 1777 4342">
    <p class='ocr_par' dir='ltr' id='par_1_8' title="bbox 287 4217 1777 4342">
     <span class='ocr_line' id='line_1_40' title="bbox 287 4217 1777 4342; baseline -0.002 -7"><span class='ocrx_word' id='word_1_390' title='bbox 287 4273 404 4337; x_wconf 80' lang='lat' dir='ltr'><strong>Entat</strong></span> <span class='ocrx_word' id='word_1_391' title='bbox 443 4218 540 4336; x_wconf 67' lang='lat' dir='ltr'><strong>etidm</strong></span> <span class='ocrx_word' id='word_1_392' title='bbox 562 4217 767 4334; x_wconf 78' lang='lat' dir='ltr'><strong>Britannicus</strong></span> <span class='ocrx_word' id='word_1_393' title='bbox 799 4271 833 4331; x_wconf 85' lang='lat' dir='ltr'><strong>iu</strong></span> <span class='ocrx_word' id='word_1_394' title='bbox 863 4268 970 4330; x_wconf 81' lang='lat' dir='ltr'><strong>nantis</strong></span> <span class='ocrx_word' id='word_1_395' title='bbox 1027 4266 1095 4329; x_wconf 87' lang='lat' dir='ltr'><strong>bris</strong></span> <span class='ocrx_word' id='word_1_396' title='bbox 1112 4264 1281 4329; x_wconf 87' lang='lat' dir='ltr'><strong>Claudium</strong></span> <span class='ocrx_word' id='word_1_397' title='bbox 1304 4264 1338 4326; x_wconf 88' lang='lat' dir='ltr'><strong>in</strong></span> <span class='ocrx_word' id='word_1_398' title='bbox 1360 4265 1410 4327; x_wconf 86' lang='lat' dir='ltr'><strong>sni</strong></span> <span class='ocrx_word' id='word_1_399' title='bbox 1425 4254 1573 4329; x_wconf 81' lang='lat' dir='ltr'><strong>amorem</strong></span> <span class='ocrx_word' id='word_1_400' title='bbox 1598 4268 1710 4342; x_wconf 80' lang='lat' dir='ltr'><strong>traxit,</strong></span> <span class='ocrx_word' id='word_1_401' title='bbox 1739 4279 1777 4332; x_wconf 82' lang='lat' dir='ltr'><strong>ut</strong></span> 
     </span>
    </p>
   </div>
   <div class='ocr_carea' id='block_1_7' title="bbox 220 4488 1780 4658">
    <p class='ocr_par' dir='ltr' id='par_1_9' title="bbox 220 4488 1780 4658">
     <span class='ocr_line' id='line_1_41' title="bbox 258 4488 1780 4566; baseline -0.003 -14"><span class='ocrx_word' id='word_1_402' title='bbox 258 4495 508 4566; x_wconf 61' lang='lat' dir='ltr'><strong>ajlaLX.§.tt.</strong></span> <span class='ocrx_word' id='word_1_403' title='bbox 603 4495 638 4563; x_wconf 75' lang='lat' dir='ltr'><strong>b)</strong></span> <span class='ocrx_word' id='word_1_404' title='bbox 656 4494 752 4551; x_wconf 86' lang='lat' dir='ltr'><strong>Tacit.</strong></span> <span class='ocrx_word' id='word_1_405' title='bbox 770 4492 950 4554; x_wconf 78' lang='lat' dir='ltr'><strong>Aun.Xl.25.</strong></span> <span class='ocrx_word' id='word_1_406' title='bbox 1040 4488 1412 4562; x_wconf 62' lang='lat' dir='ltr'><strong>cJTactt.rtna;XI1.at·</strong></span> <span class='ocrx_word' id='word_1_407' title='bbox 1501 4489 1535 4561; x_wconf 94' lang='lat' dir='ltr'><strong>d)</strong></span> <span class='ocrx_word' id='word_1_408' title='bbox 1554 4491 1584 4546; x_wconf 89' lang='lat' dir='ltr'><strong>in</strong></span> <span class='ocrx_word' id='word_1_409' title='bbox 1603 4489 1697 4565; x_wconf 86' lang='lat' dir='ltr'><strong>Caiig.</strong></span> <span class='ocrx_word' id='word_1_410' title='bbox 1713 4504 1780 4562; x_wconf 64' lang='lat' dir='ltr'><strong>at,</strong></span> 
     </span>
     <span class='ocr_line' id='line_1_42' title="bbox 220 4569 1779 4658; baseline -0.003 -17"><span class='ocrx_word' id='word_1_411' title='bbox 220 4587 464 4658; x_wconf 54' lang='lat' dir='ltr'><strong>e)Anu.⁴ll.5s.</strong></span> <span class='ocrx_word' id='word_1_412' title='bbox 577 4583 930 4657; x_wconf 66' lang='lat' dir='ltr'><strong>t&#39;)Tac.&#39;Ann.1V.75.-</strong></span> <span class='ocrx_word' id='word_1_413' title='bbox 1017 4583 1049 4655; x_wconf 68' lang='lat' dir='ltr'><strong>g}</strong></span> <span class='ocrx_word' id='word_1_414' title='bbox 1069 4582 1124 4637; x_wconf 88' lang='lat' dir='ltr'><strong>Dio</strong></span> <span class='ocrx_word' id='word_1_415' title='bbox 1140 4578 1256 4637; x_wconf 50' lang='lat' dir='ltr'><strong>11.th</strong></span> <span class='ocrx_word' id='word_1_416' title='bbox 1271 4581 1351 4649; x_wconf 69' lang='lat'><strong>§.22</strong></span> <span class='ocrx_word' id='word_1_417' title='bbox 1464 4579 1498 4648; x_wconf 73' lang='lat' dir='ltr'><strong>h)</strong></span> <span class='ocrx_word' id='word_1_418' title='bbox 1520 4578 1601 4638; x_wconf 85' lang='lat' dir='ltr'><strong>Suet.</strong></span> <span class='ocrx_word' id='word_1_419' title='bbox 1616 4569 1779 4638; x_wconf 44' lang='lat' dir='ltr'><strong>inNerolto‘</strong></span> 
     </span>
    </p>
   </div>
   <div class='ocr_carea' id='block_1_8' title="bbox 223 4681 288 4740">
    <p class='ocr_par' dir='ltr' id='par_1_10' title="bbox 223 4681 288 4740">
     <span class='ocr_line' id='line_1_43' title="bbox 223 4681 288 4740; baseline 0.031 -8"><span class='ocrx_word' id='word_1_420' title='bbox 223 4699 246 4733; x_wconf 82' lang='lat' dir='ltr'><strong>c.</strong></span> <span class='ocrx_word' id='word_1_421' title='bbox 259 4681 288 4740; x_wconf 85' lang='lat'><strong>6.</strong></span> 
     </span>
    </p>
   </div>
   <div class='ocr_carea' id='block_1_9' title="bbox 0 0 2010 5370">
    <p class='ocr_par' dir='ltr' id='par_1_11' title="bbox 0 0 2010 5370">
     <span class='ocr_line' id='line_1_44' title="bbox 0 0 2010 5370; baseline 0 3"><span class='ocrx_word' id='word_1_422' title='bbox 0 0 2010 5370; x_wconf 95' lang='lat' dir='ltr'><strong> </strong></span> 
     </span>
    </p>
   </div>
  </div>
 </body>
</html>
