4012 5370
833 475 1197 555 nanutrtrtvs

1166 594 1668 743 'Anrnmnnsro-

1041 789 1079 850 in
1110 789 1295 852 anismam
1325 789 1490 868 reliquom
1520 792 1688 858 Hadriani
1720 816 1787 859 mo·

1351 903 1472 955 netem.

1720 501 1793 586 tto

236 652 349 736 coepit
366 649 452 715 circa
469 645 638 711 dimidium
656 647 795 733 Augusti
814 644 908 730 hujus
931 669 986 712 an·

237 757 290 831 ni,
324 754 408 818 certi
429 753 563 835 insuper
587 749 775 826 reddimur,
804 769 875 813 eam
904 750 986 814 libe·

235 857 400 920 ralitatem
430 855 506 916 inde
534 874 636 937 usquc
667 852 710 914 ad
734 850 903 936 ‘proximas
925 850 986 915 Rs-

237 958 352 1024 lendas
372 957 532 1020 lanuarias
549 954 745 1032 exercitam,
770 953 886 1039 quibus
910 973 986 1016 con·

237 1061 376 1124 sulatum
404 1062 457 1119 lll.
481 1055 664 1121 Hadrianus
689 1054 791 1122 inivit.
828 1057 984 1119 Ceterum
1081 1051 1275 1136 Labyrintbi
1303 1053 1550 1142 inexplicabiles
1578 1052 1704 1126 meatus
1738 1065 1785 1127 in.

236 1164 293 1247 qui
322 1164 375 1225 alii
407 1165 634 1244 imperatores
650 1157 847 1242 superioris,
878 1171 912 1220 et
938 1157 985 1219 in·
1041 1153 1226 1237 gredimnr,
1259 1155 1437 1243 reliquam,
1468 1179 1605 1247 eamque
1632 1163 1787 1232 numero.

235 1265 369 1327 serioris
399 1263 513 1327 aetatis
540 1262 638 1324 simili
666 1258 828 1323 beneficio
858 1259 995 1324 clarue·-
1040 1278 1109 1326 sam
1130 1256 1287 1319 Hadriani
1309 1275 1470 1324 monetam
1492 1261 1670 1330 lustraturi,
1702 1269 1784 1332 Nam

235 1368 320 1442 rint,
355 1379 388 1427 et
419 1384 501 1449 quae
533 1363 594 1426 alia
623 1361 663 1426 ad
691 1363 774 1425 banc
801 1360 904 1423 debiti
931 1382 983 1425 re·
1039 1357 1128 1441 quod
1152 1359 1310 1441 proximis
1332 1361 1486 1426 Rslendis
1508 1365 1664 1428 Ianuariis
1688 1369 1727 1435 V.
1746 1374 1784 1434 C.

233 1467 423 1529 missionem
445 1466 629 1551 pertinent,
659 1477 692 1527 et
721 1485 816 1548 qnam
842 1461 982 1526 difficul-

233 1583 333 1632 tatem
368 1568 509 1631 efferant
537 1565 638 1631 verba
667 1565 782 1628 Dionis
814 1564 981 1629 sexdecim

233 1692 394 1732 annorum
416 1685 545 1752 tempus
568 1665 770 1742 definientis,
797 1687 838 1728 ne
862 1666 895 1725 in
917 1667 981 1729 hoc

231 1793 308 1833 meo
370 1773 514 1833 instituto
576 1769 707 1852 longior
767 1767 846 1840 sim,
904 1765 980 1831 ride

231 1873 317 1954 apud
363 1872 596 1956 spanhemium
629 1881 673 1947 ⁸),
721 1883 754 1932 et
798 1868 978 1935 Tillemon·

230 1976 311 2037 tium
330 1972 373 2055 ¹³).

273 2181 384 2261 Typns
414 2178 448 2238 in
479 2177 529 2237 bis
557 2174 664 2237 nuruis
693 2173 825 2237 modum
852 2172 974 2256 ipsum,

229 2301 295 2363 quo
323 2281 477 2343 abolitum
506 2292 556 2341 est
582 2277 651 2340 lisci
673 2276 837 2352 debitum,
868 2275 976 2358 expri-

229 2384 298 2446 mit.
342 2383 470 2445 Eodem
499 2380 652 2463 exemplo
680 2380 744 2461 jam
773 2377 851 2439 olim
880 2377 976 2459 Spar·

227 2487 295 2547 tani
326 2507 367 2544 τα
404 2505 483 2560 παρα
515 2503 571 2542 των
608 2501 750 2564 χρεωςων
775 2499 977 2565 ‘peripsema

228 2604 506 2670 curereerspnerrer
526 2581 570 2655 ἐις
588 2581 720 2667 cipeear,
748 2577 769 2642 ἁ
790 2584 900 2657 abacta
924 2600 976 2638 ue-

226 2693 329 2763 beoor,
342 2711 391 2746 και
405 2708 504 2745 nerea
519 2685 674 2755 συνθεντες
688 2681 733 2755 εἰς
745 2678 785 2755 ἕν,
802 2677 975 2770 inserensque,

224 2802 402 2870 congestas
432 2793 466 2848 r'n
487 2788 603 2871 sorum
629 2786 812 2846 debitorum
838 2799 978 2862 syngra-

220 2891 325 2971 phas,
344 2910 425 2967 quus
443 2888 551 2949 cluria
570 2886 753 2967 appellent,
774 2902 885 2944 omnes
901 2898 976 2942 coa·

225 3005 379 3052 cercetas
407 2999 695 3051 concremaverunt
716 2989 758 3066 c).
797 2987 896 3046 Teste
920 2981 975 3044 Li·

224 3096 280 3154 vio
298 3092 330 3172 d)
346 3091 484 3174 reperti,
503 3110 576 3151 curn
596 3109 674 3171 ager
689 3086 876 3161 foderetur,
895 3083 972 3145 libri

222 3195 351 3256 Numae
370 3192 523 3272 Pompilii
542 3195 578 3251 in
596 3192 748 3265 comitio,
774 3192 850 3271 igne
867 3208 888 3249 a
906 3189 972 3249 cic·

223 3299 373 3356 timariis
388 3299 489 3376 sacto
513 3296 549 3353 in
574 3304 748 3372 conspectu
765 3291 882 3374 populi
905 3309 973 3351 crc-

223 3401 311 3458 mntr'
327 3407 415 3456 sunt.
442 3397 607 3455 llactenus
625 3411 754 3466 omnes,
781 3391 836 3474 qui
852 3389 970 3453 horum

222 3518 397 3561 nnmerum
430 3497 627 3569 meminere,
666 3491 898 3569 adseruernnt,
936 3493 971 3554 in

221 3621 338 3662 aversa
355 3597 504 3660 exbiberi
518 3598 751 3679 imperatorem
766 3607 918 3671 stantem,
935 3607 969 3657 ct

221 3703 352 3763 sinistra
377 3714 540 3782 sceptrum
565 3711 743 3761 tenentem.
780 3697 905 3759 Verum
934 3697 968 3757 in

219 3802 438 3887 integerrime
465 3821 563 3871 numo
588 3821 624 3862 ac
648 3796 839 3861 nitidissimo
863 3799 967 3861 musei

219 3906 372 3969 Caesarei
395 3925 459 3965 non
480 3917 644 3986 sceptrum
661 3903 693 3961 in
715 3921 810 3962 manu
825 3898 966 3990 hominis

220 4008 461 4082 comburentis,
484 4006 541 4069 sed
560 4005 663 4068 fasces
682 4025 755 4068 cum
773 4002 895 4078 securi,
917 4019 966 4065 so-

218 4111 275 4173 lita
297 4111 450 4173 lictorum
475 4130 582 4185 arma,
607 4108 722 4184 rideo,
747 4107 802 4191 qui
825 4106 907 4169 adeo
931 4107 962 4168 in

219 4216 269 4276 bis
288 4215 379 4274 numi
395 4212 589 4295 proponitur
606 4208 815 4293 exsequendo
830 4209 964 4272 Hadria·

220 4317 251 4376 ni
270 4319 360 4395 jussu
379 4328 563 4396 occupatus.

254 4660 283 4721 a)
307 4650 326 4703 l.
344 4671 369 4704 c.

220 4740 274 4796 bl..
297 4760 321 4795 c.
341 4753 385 4804 20-

472 4648 505 4699 b,
528 4648 555 4699 in
571 4657 637 4698 nota
655 4656 670 4704 Γ)
689 4642 726 4697 sd
743 4643 831 4700 Hadr.
847 4666 875 4720 p.
894 4666 929 4699 m.
946 4653 1008 4715 958.

1036 1461 1099 1542 87²
1119 1461 1321 1524 consulatum
1339 1465 1395 1527 lll.
1413 1463 1580 1548 ingressus
1600 1487 1676 1530 eum
1694 1468 1785 1534 dein·

1037 1581 1116 1645 ceps
1135 1563 1357 1646 magistratum
1376 1584 1585 1648 peromnem
1600 1568 1699 1632 vitam
1716 1593 1784 1636 non

1037 1663 1174 1746 amplius
1199 1665 1360 1747 suscepit,
1392 1686 1433 1729 eo
1457 1666 1589 1752 quidem
1611 1672 1783 1755 repudiato

1036 1765 1163 1828 honore
1189 1764 1381 1828 modestiam
1409 1788 1499 1829 suam
1527 1770 1694 1851 probavit,
1726 1783 1782 1860 qui

1035 1867 1210 1931 immodice
1237 1869 1397 1951 repetitus
1418 1869 1453 1932 in
1473 1871 1661 1937 Domitiano
1689 1895 1781 1939 aruo·

1034 1968 1163 2051 gantiae
1192 1969 1321 2054 signum
1350 1971 1429 2049 fait,
1466 1984 1498 2035 at
1531 1973 1687 2038 scientiae
1723 1999 1782 2040 no·

1033 2083 1138 2146 strae,
1176 2083 1211 2133 ct
1240 2086 1425 2155 temporum
1455 2074 1635 2158 cognitioni
1664 2098 1780 2160 parum

1030 2172 1205 2236 consuluit.
1240 2175 1284 2237 Et
1305 2175 1461 2239 ferendus
1485 2191 1573 2239 esset
1594 2177 1648 2242 hic
1670 2179 1780 2245 defec-

1032 2286 1100 2350 tus,
1139 2275 1167 2336 si
1196 2276 1295 2340 modo
1324 2278 1512 2342 monetariis
1540 2278 1675 2343 iteratae
1703 2283 1779 2348 trib.

1031 2377 1201 2459 potestatis
1238 2401 1424 2444 nurnerumv
1449 2379 1572 2444 addere
1610 2381 1779 2460 libuisset,

1033 2476 1121 2561 quod
1153 2481 1350 2566 plerumque
1378 2481 1414 2544 in
1440 2484 1579 2547 aliorum
1605 2482 1780 2567 imperato·

1032 2601 1105 2641 rum
1134 2582 1239 2643 numia
1270 2583 1400 2647 factum.
1441 2585 1486 2647 At
1514 2585 1601 2649 enim
1630 2586 1778 2670 ignotum
1806 2655 1809 2660 ,

1032 2680 1095 2742 luit
1127 2696 1294 2748 anteactae
1332 2686 1447 2760 aetati,
1491 2706 1565 2749 eam
1604 2686 1777 2769 aliquando

1030 2781 1103 2844 fore
1122 2782 1277 2848 historiae
1297 2797 1439 2861 sortem,
1460 2797 1497 2847 ut
1518 2786 1558 2848 ab
1580 2788 1685 2849 nemis
1707 2810 1777 2852 mu·

1031 2884 1113 2945 tnari
1142 2883 1250 2948 lnc'em
1279 2901 1466 2969 cogeretur.
1500 2890 1592 2973 Ergo
1614 2909 1687 2951 cusu
1709 2892 1774 2956 Ha·

1018 2984 1159 3049 drianns
1195 3001 1358 3070 perpetuo
1390 2987 1545 3074 deinceps
1578 2990 1775 3056 inscribatur

1029 3087 1124 3154 COS.
1147 3091 1220 3167 111„
1248 3089 1331 3152 absit
1357 3110 1513 3153 numerus
1536 3092 1612 3154 trib.
1634 3109 1774 3177 potcsta-

1028 3189 1085 3267 tis,
1110 3190 1180 3274 ipsa
1202 3211 1283 3256 uero
1305 3211 1478 3254 numerum
1500 3209 1690 3278 argumenta
1711 3199 1774 3261 etsi

1026 3311 1094 3354 nos
1114 3312 1189 3356 raro
1211 3291 1396 3371 historiam,
1423 3294 1478 3360 rix
1502 3308 1610 3359 tamen
1632 3319 1774 3383 unquam

1015 3394 1275 3477 'chronologiam
1307 3395 1438 3478 juvent,
1477 3398 1648 3461 consilium
1683 3401 1773 3464 alind

1025 3495 1189 3579 reliquum
1208 3517 1277 3558 non
1300 3510 1366 3574 est,
1388 3497 1450 3558 nisi
1472 3511 1506 3560 ut
1524 3498 1673 3562 universa
1694 3503 1771 3565 reli·

1026 3617 1088 3679 qua
1118 3597 1220 3659 series
1250 3596 1366 3659 ordine
1397 3597 1602 3680 alphabetico
1630 3603 1770 3684 partium

1023 3718 1208 3760 aversurum
1244 3698 1407 3764 succedat.
1450 3702 1558 3784 Atque
1593 3700 1770 3768 is·mcdus

1024 3799 1126 3861 multo
1155 3799 1235 3861 mibi
1263 3814 1312 3863 est
1340 3801 1427 3864 risus
1455 3803 1671 3887 opportunior
1698 3805 1771 3883 illo,

1023 3921 1120 3985 quem
1148 3901 1381 3966 Mediobarlnrs
1411 3904 1614 3987 sequendum
1644 3910 1769 3990 putarit

1023 4005 1080 4089 qui
1099 4017 1132 4067 et
1149 4004 1218 4088 ipsc
1236 4006 1396 4081 incertus,
1418 4006 1533 4097 quibus
1550 4008 1641 4070 annis
1658 4009 1767 4094 singu·

1022 4104 1073 4169 los
1089 4104 1184 4188 hujus
1201 4108 1359 4191 principis
1376 4131 1491 4172 numos
1508 4109 1687 4186 insereret,
1705 4112 1766 4173 etsi

1022 4208 1108 4270 istud
1136 4229 1212 4271 raro
1239 4211 1317 4272 alias
1340 4209 1519 4293 ignoravit,
1551 4211 1638 4294 cepit
1656 4213 1764 4274 consi·

1021 4311 1120 4387 lium,
1150 4332 1264 4375 omnes
1291 4314 1476 4376 consulatus
1499 4314 1552 4376 lll.
1573 4299 1689 4375 numos
1717 4334 1766 4377 se·

1110 4647 1141 4715 c)
1162 4642 1310 4700 Plutarch.
1325 4640 1469 4717 intbgide
1485 4662 1510 4698 c.
1530 4655 1573 4707 ts.
1676 4648 1710 4718 d)
1730 4649 1763 4708 L.
