4012 5370
750 448 977 522 SABINA.
1178 488 1182 497 ·
1560 476 1629 556 519

205 624 246 690 v,
261 623 298 684 c.
322 621 396 701 872.
420 618 501 699 873,
538 631 571 679 et
595 635 712 679 revera
739 615 825 678 circa
883 616 944 678 fuit
960 630 1146 694 cruentum,
1165 632 1215 694 ut,
1233 638 1306 683 oum
1326 623 1395 705 ejus
1408 624 1544 691 felicem
1559 629 1629 697 eri,

204 745 297 807 mpus
320 722 481 781 Sarmatas
506 738 567 799 per
588 721 714 799 legatos
737 717 824 782 vicit.
882 732 951 780 tum
977 719 1103 782 senatui
1124 719 1364 800 perscriberet,
1388 745 1455 789 non
1477 741 1627 794 uteretur

201 841 229 886 nt
248 822 378 908 quidem
398 823 554 901 deinceps
573 819 669 881 etiam
689 838 751 903 per
768 819 826 880 im·
884 819 980 883 solito
1002 819 1173 914 literarum
1198 822 1352 887 exordio:
1380 848 1458 909 ego,
1484 843 1516 893 ct
1537 849 1647 895 exer-⁶

201 949 208 988 ι
226 939 343 996 motus,
358 937 392 985 ut
406 920 655 997 Mauretanicus‚
673 934 707 983 et
722 921 826 982 multo
885 924 974 983 citus
992 923 1139 984 valemus
1153 924 1196 1005 ⁸).
1217 923 1394 990 Vericrem
1413 947 1541 994 cansam
1561 933 1629 995 exi·

201 1051 227 1090 »r
251 1024 398 1087 Iudaicus
427 1023 466 1085 ab
492 1024 658 1086 Hadriano
683 1023 826 1086 feliciter
885 1023 1001 1100 stimo,
1049 1023 1201 1108 quoniam
1230 1029 1401 1092 memorati
1428 1045 1535 1095 motus
1561 1054 1629 1099 non

201 1131 242 1203 si,
268 1148 334 1188 uon
359 1138 465 1185 tamen
489 1145 528 1185 ex
552 1125 603 1186 his
626 1125 748 1208 placuit
769 1125 826 1185 im·
886 1138 979 1187 erant
1001 1137 1214 1188 externorum
1241 1129 1380 1193 Romani
1409 1131 1539 1216 imperii
1568 1133 1628 1199 bo·

201 1232 279 1291 rium
296 1228 395 1288 decus
414 1226 546 1301 iterare,
565 1227 633 1289 sive
652 1226 740 1309 quod
756 1226 826 1288 nul·
886 1225 992 1301 stium,
1014 1224 1072 1287 sed
1087 1225 1309 1308 subjectorum
1324 1234 1531 1316 populorum,
1548 1256 1628 1320 quos

201 1331 258 1393 allo
283 1327 422 1410 gloriam
448 1327 620 1409 quaesivit,
648 1329 716 1391 sive
740 1329 828 1412 quod
886 1325 1086 1389 satiebabuit
1101 1326 1140 1388 ad
1158 1327 1350 1413 obsequium
1363 1355 1520 1400 revocare
1538 1337 1628 1401 nullo

201 1469 204 1493 a
233 1428 396 1493 Iudaicum
428 1429 480 1494 vel
508 1430 570 1512 ipsi
599 1429 715 1495 victori
744 1428 827 1494 adeo
886 1427 950 1490 alio
967 1426 1116 1511 quaesito
1133 1429 1261 1496 honore
1278 1432 1416 1501 bellico.

718 1744 999 1809 PRETIVM„

201 1871 266 1929 ctt's
290 1866 452 1927 Romani:

279 1966 401 2041 Aurei,
424 1979 458 2028 et
479 1966 628 2045 argentei

280 2050 387 2129 Aenei
409 2088 491 2130 max.
514 2065 592 2129 mod
593 2099 1248 2129 ·········

281 2168 386 2228 Aenei
409 2171 431 2230 l.
455 2182 488 2228 et
511 2171 548 2229 ll.
571 2167 696 2228 formae
751 2200 1251 2221 ······
1363 2219 1372 2237 ,

280 2270 386 2331 Aenei
403 2271 456 2333 111.
476 2269 600 2330 formae
652 2302 666 2315 ·
701 2263 716 2275 ’
749 2301 1249 2318 ......
1366 2320 1374 2337 .

201 2373 266 2433 ctis
284 2374 474 2450 peregrini:

283 2469 544 2551 Argenteimax.
568 2469 656 2533 mod.
753 2504 767 2518 .
850 2506 862 2519 .
946 2506 959 2520 .
1042 2504 1056 2521 .
1137 2505 1151 2519 .
1233 2506 1248 2520 .

281 2571 440 2649 Argentci
463 2573 516 2633 lll.
541 2570 666 2632 formae

280 2671 385 2731 Aenei
408 2670 535 2732 urbium
559 2673 735 2735 liberarum

282 2771 490 2833 Coloniarum

277 2873 489 2936 Alexandrini

706 3283 1001 3351 SABINA.

201 3501 268 3562 'aina
292 3501 422 3583 Traiani
445 3521 486 3563 ex
506 3502 668 3562 Marciana
690 3521 824 3577 sorore,
883 3501 956 3563 talis
980 3500 1055 3575 fuit,
1080 3500 1208 3565 abunde
1232 3502 1464 3587 comprobavit.
1494 3505 1624 3592 Objecti

201 3623 233 3663 us
253 3602 316 3664 lilia
335 3603 466 3664 Matidia
485 3603 663 3685 proneptis.
693 3605 824 3664 Patrem
883 3603 1024 3684 primum
1052 3604 1147 3666 uxori
1173 3607 1487 3683 marcuvinum,
1519 3610 1627 3690 porin-

201 3724 307 3765 anon
333 3704 487 3785 prodidit.
522 3703 728 3768 Vivoadhuc
747 3707 824 3765 Tra·
883 3700 924 3765 de
943 3705 1033 3787 quusi
1049 3705 1177 3788 turpior
1197 3720 1285 3770 esset
1303 3728 1395 3772 amor
1409 3727 1506 3773 sexus
1522 3709 1627 3794 dirps·
1692 3729 1697 3737 ·

200 3804 258 3867 scd
278 3799 384 3888 neque
404 3805 467 3866 hoe
489 3824 689 3887 magnopere
715 3805 824 3868 volen-
880 3803 943 3878 ris,
983 3825 1078 3887 quam
1109 3806 1212 3887 paris,
1251 3828 1314 3891 que
1342 3809 1473 3874 infamis
1502 3813 1627 3895 prteci·

201 3905 328 3967 adriauo
356 3927 416 3987 per
438 3907 584 3968 Plotinae
613 3907 689 3967 huic
714 3904 824 3968 saven-
880 3926 944 3986 pue
979 3905 1138 3969 laboravit
1173 3906 1366 3974 Hadrianus.
1411 3915 1447 3973 lu
1485 3932 1523 3975 os
1556 3913 1625 3977 aci·

203 4027 238 4067 es
267 4009 472 4069 matrimonio
505 4010 675 4088 conjuncta
705 4020 755 4068 est
776 4005 820 4087 ¹2).
881 4027 1008 4068 morum
1035 4009 1208 4072 aversione
1239 4031 1314 4093 pars
1344 4025 1480 4097 utraque
1510 4013 1621 4078 odium

201 4109 250 4168 lim
288 4110 389 4171 invito
417 4111 608 4189 Hymenaeo
640 4111 697 4169 has
731 4107 824 4169 initas
882 4107 972 4170 alere
996 4128 1061 4169 non
1083 4106 1223 4185 destitit-5
1246 4131 1320 4174 nsm
1339 4113 1522 4179 Hadaimm
1544 4135 1624 4180 uxo·

205 4210 348 4294 nuptias,
371 4212 539 4294 utriusque
563 4211 741 4284 dissensus,
759 4209 825 4270 etsi
883 4229 972 4283 rem,
999 4208 1088 4292 qnod
1104 4230 1235 4275 morosa
1250 4227 1355 4292 esset,
1378 4229 1413 4280 et
1429 4236 1561 4300 aspera,
1586 4237 1622 4280 sc

201 4315 291 4372 dium
315 4315 508 4393 Augustum
538 4325 725 4374 constanter
754 4328 826 4371 cre·
881 4308 981 4371 fuisse
1012 4310 1218 4377 dimissurum
1250 4313 1396 4392 terebat,
1426 4316 1454 4379 si
1480 4317 1623 4400 privatus

201 4414 282 4487 uiui,
308 4428 341 4475 et
363 4414 418 4497 qui
439 4427 606 4495 postremo
625 4412 762 4475 Sabinae
779 4411 825 4473 sa-
881 4408 996 4474 luisset
1016 4417 1060 4495 ο);
1085 4414 1425 4497 numunianum,
1448 4436 1544 4502 quum
1566 4417 1624 4484 ict-

201 4681 224 4733 ιο
243 4679 271 4734 L.
284 4678 380 4733 txtt'.
398 4682 421 4751 ς.
434 4691 473 4738 tl.
550 4678 584 4747 b)
607 4676 751 4752 Spartica.
828 4681 857 4745 c]
879 4674 1024 4751 spartian.
