4012 5370
238 481 261 543 t
776 455 975 535 IVLIVS
1011 455 1253 534 CAESAR.

299 631 427 693 Exosus
449 627 512 712 jam
534 647 617 713 pnsr
633 629 672 689 L.
690 628 801 693 Sullae
823 629 886 692 fnit
905 649 979 692 cum

234 732 278 795 ob
299 729 575 795 necessitudinem
597 751 671 794 cum
694 732 730 792 C.
754 731 876 808 Mario,
905 751 980 793 nam

182 885 200 902 .
232 833 305 915 ejus
346 832 442 896 amita
480 833 560 895 Iulia
596 832 672 895 huic
706 846 806 915 nupta
840 832 903 893 tuit
930 832 979 911 ⁸),

231 950 302 998 tum
342 935 431 1020 quod
470 933 656 997 Corneliam
697 933 818 996 Cinnae
861 929 978 1007 filiam,

226 1026 326 1121 'quam
356 1055 495 1098 uxorem
525 1034 632 1111 duxit,
669 1035 761 1097 nullo
794 1046 908 1117 pacto,
944 1043 980 1092 ut

230 1137 437 1221 repudiaret,
475 1137 664 1218 permoveri
698 1136 820 1218 potuit,
856 1155 892 1196 uc
925 1133 979 1194 do·

228 1239 328 1323 nique
352 1237 440 1321 quod
464 1238 583 1299 multos
606 1237 637 1298 ei
659 1236 800 1312 Marios,
825 1235 979 1296 nimirum

152 1394 154 1397 .
229 1341 368 1402 multum
395 1338 577 1422 popularis·
591 1357 687 1423 aurae
710 1337 816 1400 inesse
839 1335 985 1420 videret.

230 1442 312 1524 Ejus
341 1453 430 1502 metu
451 1442 557 1502 Rotam
583 1437 751 1522 profectus
778 1438 864 1521 apud
885 1436 981 1499 Nico·

229 1541 361 1604 medem
391 1541 562 1622 Bithyniae
591 1560 708 1624 regem
735 1560 801 1601 non
830 1539 899 1600 sine
926 1561 981 1600 ru·

230 1663 339 1718 more,
362 1657 397 1704 ut
422 1643 466 1705 ait
488 1642 679 1718 Suetonius,
703 1654 883 1724 prostratae
905 1639 979 1719 regi

228 1744 403 1828 pudicitiae
450 1742 587 1807 desedit.
653 1745 828 1826 Magnum·
850 1740 978 1822 juvenis

226 1846 370 1929 prompti
389 1859 423 1908 et
441 1846 596 1929 intrepidi
617 1845 715 1906 animi
734 1843 900 1927 specimen
923 1841 979 1905 de·

227 1948 292 2023 dit,
334 1968 408 2009 cum
438 1962 549 2031 captus
579 1969 597 2009 a
627 1944 739 2028 piratis
772 1965 810 2006 ac
842 1945 979 2027 pecunia

226 2047 416 2130 redemptus
453 2061 638 2131 comparata
678 2045 834 2109 celeriter
873 2045 977 2108 classe

225 2170 283 2212 eos
313 2170 355 2212 cx
382 2150 561 2232 improviso
592 2148 724 2212 adortus
751 2160 820 2223 est,
852 2161 977 2228 captos·

226 2272 290 2334 que
311 2251 347 2310 in
371 2271 504 2315 erucem
532 2250 600 2333 egit
620 2248 663 2331 b).
700 2251 837 2310 Romam
865 2269 977 2312 rever-

156 2379 160 2387 *
225 2374 279 2415 sus
302 2353 440 2435 primum
464 2342 612 2414 tribunus
634 2350 771 2412 militum
794 2351 910 2434 populi
931 2350 977 2413 ia·

226 2474 306 2517 vore
339 2468 482 2531 creatus,
515 2453 592 2515 dein
620 2466 773 2535 quaestor
802 2451 835 2511 in
862 2451 976 2534 Hispa-

226 2557 311 2619 niam
340 2556 508 2639 profectus
531 2554 674 2617 Gadibus
701 2565 877 2634 conspecto
899 2553 976 2615 ate-

226 2657 339 2721 xandri
364 2660 410 2720 Μ.
435 2656 528 2738 signo
549 2670 642 2718 notas
664 2655 753 2730 illas,
785 2667 881 2736 atque
909 2675 973 2716 am·

224 2761 358 2823 bitiosas
385 2759 535 2821 lacrimas
560 2756 663 2821 flevit.
700 2754 817 2817 Redux
845 2769 972 2817 creatus

223 2861 338 2926 aedilis
353 2861 512 2946 populum
525 2859 586 2922 sibi
597 2858 750 2921 ludorum
765 2857 973 2941 magnificen-

221 2967 266 3027 tia
284 2964 456 3029 demeruit.
500 2966 502 2971 ’
575 2950 582 2959 ’

287 3069 382 3133 V.'C.
402 3068 459 3144 bqr
482 3067 522 3129 A.
540 3065 581 3129 Χ.
599 3063 652 3130 bi.
677 3066 727 3127 Μ.
752 3063 859 3124 Tullio
882 3063 972 3125 Cice·

224 3190 318 3241 tnnc,
352 3170 385 3229 C.
405 3167 559 3228 Antonio
586 3186 651 3226 cos.
679 3177 809 3226 mortuo
826 3163 970 3224 'Metello

225 3269 285 3328 Pio
303 3267 422 3329 dicitur
437 3264 584 3348 pontifex
600 3264 756 3327 maximus
775 3264 916 3348 profusis
937 3263 971 3324 in

222 3372 380 3455 populum
398 3366 639 3450 largitionibus,
665 3389 737 3428 cum
755 3365 972 3449 praedixisset

224 3471 336 3547 matri,
361 3490 425 3554 quo
449 3469 502 3532 die
525 3469 565 3532 ad
585 3469 716 3533 comitia
736 3453 968 3531 descenderat:

223 3575 321 3635 leodic
335 3571 453 3656 filium
476 3584 536 3655 uut
557 3570 748 3656 pontificem
770 3574 967 3644 maximum,

223 3689 284 3737 urat
305 3676 437 3738 exulem
458 3674 583 3735 videbis
605 3676 644 3753 ο).
672 3671 749 3733 Fuit
774 3685 881 3734 autem
904 3671 967 3752 jam

223 3791 296 3838 ante
315 3775 348 3837 in
365 3773 554 3858 pontificum
578 3774 763 3856 conlegium
788 3786 967 3856 cooptatus,

223 3899 304 3960 cum*
315 3877 349 3937 in
365 3876 442 3938 Asia
458 3876 587 3939 abesset
602 3875 645 3958 d).

284 3981 326 4046 V.
342 3977 453 4057 (1.ch
473 3979 513 4043 A.
530 3979 569 4043 X.
586 3979 637 4043 ba.
662 3978 705 4038 D.
723 3977 820 4038 Iunio
841 3975 965 4050 Silano,

221 4085 261 4148 I.
278 4083 412 4146 Licinio
427 4081 571 4143 Murena
586 4102 651 4142 cos.
668 4091 801 4162 praetor
815 4078 969 4156 urbanus.-

221 4191 272 4247 Ex
299 4195 451 4268 practura
480 4168 677 4265 proconsule
705 4180 738 4241 in
765 4182 965 4244 'Lusitaniam

222 4288 303 4365 ab'it,
318 4288 446 4371 ibique.

1066 675 1069 678 «
1100 628 1141 696 V.
1157 628 1194 694 C.
1211 625 1272 710 hqd
1290 623 1441 727 Alibi
1462 629 1514 696 M.
1538 631 1646 714 Pupio
1666 638 1788 700 Pisone

1041 730 1283 810 Calpurniano,
1306 729 1359 794 M.
1376 729 1513 793 Valerio
1532 731 1702 806 Messalla
1720 758 1787 801 cos.

1037 829 1183 907 domitis,
1209 850 1291 915 qnos
1313 828 1445 914 quidem
1467 850 1535 893 non
1559 834 1703 921 reperit,
1730 839 1790 902 sed

1023 932 1098 1016 'per
1119 931 1329 1017 cupiditatem
1349 930 1507 1014 triumphi
1526 946 1561 996 et
1577 935 1722 1020 praedae
1739 940 1788 1003 fe.

1036 1033 1098 1111 cit,
1120 1031 1267 1096 hostibus
1286 1033 1405 1097 dicitur
1421 1033 1601 1116 imperator
1617 1049 1656 1115 ο).

1099 1136 1140 1201 V.
1159 1136 1194 1196 C.
1214 1135 1274 1214 bol
1293 1134 1333 1197 A.
1352 1136 1393 1199 X.
1415 1136 1467 1200 60.
1495 1138 1533 1198 L.
1553 1141 1718 1222 Afranio,
1746 1145 1787 1228 Q.

1040 1238 1185 1311 Caecilio
1212 1236 1353 1295 Metello
1377 1238 1497 1320 ⁴Celere
1520 1259 1586 1305 cos.
1610 1240 1645 1301 in
1670 1241 1788 1306 urbem

1014 1408 1016 1414 .
1035 1335 1077 1399 ad
1090 1335 1221 1398 comitia
1235 1355 1388 1399 reversus
1405 1335 1501 1398 simul
1518 1338 1729 1423 triumphum,
1746 1351 1787 1408 εἰ.

1037 1437 1106 1499 mul
1124 1436 1327 1499 consulatum
1344 1437 1443 1520 petit,
1457 1436 1554 1521 -qnod
1570 1460 1645 1502 cum
1664 1458 1787 1508 unum·

1037 1558 1101 1623 que
1120 1538 1270 1601 obtinere
1286 1561 1352 1601 non
1369 1552 1481 1623 posset
1497 1542 1578 1620 (non
1596 1541 1700 1620 enim,
1723 1546 1786 1610 nisi

1021 1661 1191 1724 vpraesens
1214 1654 1317 1717 esset,
1341 1639 1528 1703 candidatus
1545 1661 1618 1705 csse
1637 1649 1787 1711 consulu·

1036 1757 1088 1805 tus
1106 1740 1221 1824 potuit,
1237 1754 1271 1803 ct
1287 1741 1316 1802 si
1329 1741 1443 1804 urbem
1459 1742 1603 1825 privatus
1615 1744 1785 1830 ingressus

1036 1857 1140 1920 esset,
1159 1854 1273 1924 postea
1290 1863 1330 1921 ex
1348 1844 1424 1926 lege
1442 1843 1641 1929 triumphare
1661 1869 1729 1912 non
1749 1851 1786 1912 li·

1035 1945 1132 2021 cuit),
1157 1942 1266 2026 abjicit
1287 1944 1502 2028 triumphum,
1526 1961 1723 2036 creatusque
1750 1954 1784 2014 in

1033 2069 1162 2110 annum.
1747 2099 1749 2101 >

1098 2150 1138 2214 V.
1147 2149 1184 2211 C.
1198 2147 1260 2228 605
1275 2147 1315 2210 A.
1325 2147 1364 2208 Χ.
1380 2149 1432 2230 oq
1445 2151 1563 2211 consul
1573 2150 1713 2233 conlega
1730 2156 1781 2216 M.

1034 2250 1168 2326 Bibulo,
1185 2251 1295 2332 legem
1312 2249 1471 2333 agrariam
1487 2251 1626 2333 pervim
1641 2253 1780 2335 perfert,

1034 2350 1224 2434 obtinetque
1244 2374 1262 2412 a
1286 2365 1398 2413 senatu
1418 2352 1600 2435 Illyricum,
1627 2354 1780 2418 Galliam·

1034 2472 1096 2535 qne
1115 2453 1303 2514 citeriorem
1321 2465 1355 2514 et
1371 2452 1563 2516 ulteriorem
1581 2459 1779 2538 proconsule

1033 2554 1067 2613 in
1099 2553 1374 2637 quinquennium,
1411 2575 1475 2639 quo
1509 2559 1620 2639 elapso
1652 2557 1778 2640 adjutus

1027 2674 1132 2737 opera
1147 2656 1205 2718 Cn.
1218 2655 1368 2737 Pompeii
1381 2658 1442 2732 M,
1460 2670 1492 2718 et
1506 2661 1551 2723 Μ.
1566 2659 1677 2721 Crassi
1690 2660 1778 2724 aliud

1031 2757 1093 2817 sibi
1115 2758 1369 2841 quinquennium
1392 2770 1577 2840 extorquet.
1608 2760 1690 2844 Ejus
1716 2781 1777 2845 per

1030 2857 1093 2919 boc
1115 2872 1241 2941 tempus
1266 2859 1422 2922 victoriae
1443 2860 1484 2920 de
1501 2861 1668 2938 Helvetia,
1697 2863 1776 2926 Ger·

1029 2960 1149 3035 manis,
1172 2959 1292 3037 Gallis,
1315 2955 1478 3022 Britannis
1499 2963 1661 3044 cognitae.

1094 3063 1135 3126 V.
1153 3062 1189 3122 C.
1204 3064 1267 3143 705
1286 3064 1325 3125 A.
1341 3063 1379 3122 Χ.
1396 3072 1448 3144 laq.
1470 3065 1504 3126 0.
1524 3065 1666 3127 Claudio
1683 3068 1776 3127 Mnr·

1027 3162 1111 3223 cello
1132 3164 1178 3225 ΙΙ.
1205 3165 1245 3227 Ι..
1267 3156 1419 3226 Cornelio
1442 3165 1587 3226 Lentulo
1614 3185 1680 3231 cos.
1706 3165 1776 3228 bel·

1028 3263 1095 3323 lum
1113 3264 1210 3326 civile
1227 3285 1300 3326 cum
1314 3265 1472 3346 Pompcjo
1488 3278 1653 3348 coeptum.
1673 3271 1774 3331 Trau-

1027 3364 1089 3425 sito
1114 3364 1303 3443 Rubicone,
1335 3366 1559 3451 Pompejoqne
1587 3387 1664 3430 cum
1690 3372 1795 3433 Mam

1026 3466 1113 3528 cello
1136 3479 1170 3526 et
1191 3468 1333 3529 Lentulo
1355 3488 1423 3531 cos.
1445 3470 1479 3529 in
1502 3469 1673 3533 Graeciam
1698 3493 1774 3554 pro·

1026 3568 1103 3650 lugo
1125 3571 1261 3631 Romam
1274 3569 1365 3646 ¹adit,
1392 3584 1425 3632 et
1446 3570 1608 3633 aerarium
1632 3572 1773 3655 perfrin-

1026 3671 1082 3754 git.
1120 3671 1200 3732 Inde
1228 3671 1263 3729 in
1294 3671 1482 3754 Hispaniam
1510 3673 1679 3756 profectus
1710 3676 1771 3735 Pe·
1856 3662 1866 3682 ”

1024 3771 1144 3833 treium
1172 3786 1205 3835 et
1234 3771 1402 3834 Afranium
1424 3775 1696 3858 Pompejanarum
1726 3777 1772 3839 le·

1025 3873 1158 3957 gionum
1177 3873 1292 3950 duces,
1315 3889 1352 3935 ut
1372 3876 1453 3935 nibil
1475 3899 1494 3938 a
1515 3890 1611 3959 tergo
1627 3877 1769 3938 *intutum

1024 3976 1177 4053 haberet,
1214 3975 1255 4039 ad
1289 3977 1490 4040 deditionem
1526 3978 1614 4061 cogit
1646 3977 1698 4041 die
1729 3980 1770 4042 ll.

1024 4079 1156 4141 Sextilis
1173 4077 1219 4159 Τ),
1243 4093 1490 4162 expugnataque
1506 4078 1647 4140 Massilia
1664 4080 1696 4140 in
1716 4078 1767 4141 nr·

1022 4179 1096 4241 bem
1119 4181 1220 4256 redit,
1250 4201 1324 4242 cum
1352 4179 1457 4243 adbuc
1483 4180 1600 4242 absens
1619 4180 1766 4244 dictator

1022 4283 1227 4344 comitiorum
1242 4282 1465 4346 habendorum
1483 4305 1577 4347 causa
1595 4283 1700 4346 dictas
1718 4306 1766 4347 es·

260 4623 290 4690 a)
310 4619 384 4674 Plut.
400 4623 430 4673 in
445 4618 529 4675 Caes.
603 4615 639 4688 b)
660 4616 778 4672 Sueton.
794 4613 869 4669 Plut.
945 4616 975 4684 c)
995 4613 1143 4673 Plutarch.
1160 4617 1189 4671 in
1209 4616 1292 4673 Caes.
1367 4617 1401 4686 d)
1421 4614 1551 4673 Velleius
1567 4617 1602 4674 L.
1618 4621 1655 4676 Il.
1676 4639 1702 4677 c.
1719 4631 1762 4686 45.

224 4711 253 4777 c)
274 4707 421 4764 Plutarch.
494 4710 520 4777 l)
541 4708 603 4764 Kal.
619 4725 723 4763 marm..
739 4706 865 4780 Capreo.
