4012 5370
237 446 309 521 eti

847 420 1176 497 vicemve.

238 605 330 689 cnjus
357 600 491 665 iniamia
526 598 667 683 aliquot,
704 605 740 656 et
761 590 897 676 indigna
924 592 983 655 ho·
1040 590 1210 660 Vitellium
1227 606 1399 655 censorem
1409 594 1528 657 iterum
1541 593 1671 680 produt.
1695 594 1785 691 Quin

235 708 324 769 mine
343 725 420 767 sano
440 716 473 764 et
486 698 606 763 illustri
622 694 773 778 exempla
784 715 980 759 commemo·
1039 694 1157 757 eodem
1189 694 1265 756 loco
1289 715 1356 755 non
1380 693 1552 759 admodum
1579 698 1709 761 alienos
1733 715 1786 763 est

236 821 287 870 rat
310 805 484 868 Suetonius
498 804 539 885 ¹).
581 802 747 860 Mortuum
769 812 898 860 senatus
919 813 979 861 sta·

234 922 289 971 tue
315 927 379 990 pro
406 904 523 967 rostris
550 901 735 975 honoravit,
769 918 844 961 cunr
865 899 979 962 inscri-

233 1012 365 1095 ptione:
402 1007 546 1069 Pietatis
564 1002 744 1066 immobilis
758 1020 838 1082 erga
854 1004 979 1083 princi·

228 1133 305 1197 pem
321 1107 365 1189 ¹²).

291 1215 332 1272 ln
357 1226 470 1271 averse
500 1202 590 1265 numi
614 1206 638 1268 1.
661 1202 857 1287 proponitur
880 1202 976 1283 hujus

231 1313 271 1375 L.
290 1307 420 1376 Vitellii
441 1317 556 1388 capnt,
589 1317 623 1365 et
651 1304 738 1387 quod
760 1303 905 1366 insolens
931 1303 975 1365 vi·

229 1411 362 1484 dentur,
388 1425 481 1469 more
501 1404 646 1488 ipsorum
663 1405 885 1488 Augustorum
909 1402 975 1464 lau-

113 1568 116 1573 ,
228 1525 374 1586 reatum,
395 1507 491 1590 'cnjus
509 1506 723 1569 verisimilem
744 1527 871 1569 causam
887 1502 975 1566 dabi-

229 1636 302 1677 mus
317 1614 349 1674 in
367 1620 504 1674 tractatu
521 1606 562 1669 de
582 1607 671 1670 cultu
688 1607 800 1691 capitis
813 1608 974 1689 Augusto-

230 1735 317 1779 rum.
345 1710 542 1775 Adstituitur
556 1723 722 1793 sceptrum
737 1707 844 1793 aquila
862 1726 974 1788 super·

228 1838 272 1881 ne
289 1812 485 1901 praefixum,
501 1810 656 1873 indicium
672 1810 839 1893 potestatis
860 1828 974 1870 consu·

226 1918 315 1983 laris.
347 1920 384 1978 lu
402 1934 501 1977 numo
518 1915 558 1977 11.
576 1912 670 1975 sedet
684 1911 798 1974 babitu
815 1909 972 1973 censoris.

229 2018 318 2111 Quid
350 2016 474 2081 indicet
496 2036 572 2097 pars
595 2011 701 2091 novis,
736 2033 799 2097 qua
828 2011 972 2074 sedentis

227 2118 330 2203 pedes
351 2117 545 2192 fulciuntur,
571 2128 844 2179 commentatores
870 2112 903 2175 in
920 2133 973 2176 re·

226 2221 323 2304 liquis
357 2218 522 2292 omnibus,
555 2218 659 2301 iisque
685 2214 789 2277 obviis
823 2211 971 2287 verbosi,

227 2339 364 2382 mouere
394 2320 623 2403 neglexerunt.
666 2316 730 2389 Ea,
759 2326 794 2374 ut
815 2313 971 2396 conjicio,

224 2421 411 2483 indicantur
437 2431 564 2494 rostra,
599 2437 663 2501 quo
695 2413 811 2499 quibus
834 2415 971 2497 positam

224 2522 266 2586 1..
280 2521 417 2589 Vitellio
444 2544 464 2584 a
490 2532 603 2583 senatu
629 2529 762 2579 etatum
778 2538 873 2599 supra
892 2515 973 2576 dixi·

226 2645 314 2700 mus,
343 2622 468 2707 fuitque
489 2622 626 2683 fortasse
655 2617 710 2680 illa
729 2618 846 2681 eodem
870 2618 969 2694 cultu,

226 2745 293 2809 quo
311 2745 383 2787 eam
400 2744 517 2785 numus
537 2719 700 2803 exprimit.

288 2826 415 2888 Aversa
436 2823 526 2885 numi
548 2824 601 2884 lll.
620 2833 756 2905 propter
778 2820 969 2905 inscriptum

226 2928 412 2990 CENSOR.
448 2928 488 2988 ll.
522 2923 595 3007 plus
630 2921 730 2983 ollert
761 2920 968 2987 difficultatis.

224 3027 442 3101 Monendum,
471 3024 634 3107 adjectum
653 3042 825 3085 numerum
847 3026 885 3084 ll.
903 3043 968 3084 non

226 3127 395 3191 observari
425 3125 459 3186 in
489 3145 606 3200 nume,
636 3144 733 3208 quem
761 3123 865 3185 edidit
885 3125 970 3187 Pati·

225 3252 286 3292 uus
311 3234 352 3310 ⁰).
395 3228 528 3288 Diserte
551 3224 648 3287 etiam
670 3238 805 3287 testatur
827 3227 971 3308 Spanhc·

225 3332 324 3407 mins,
341 3351 412 3393 eam
428 3341 536 3391 notam
551 3327 591 3390 ab
606 3327 657 3389 his
670 3327 775 3389 numia
795 3326 909 3389 abasse
925 3326 969 3406 ἃ).

225 3434 292 3496 Sed
309 3432 398 3494 illam
416 3430 538 3493 addunt
556 3449 598 3491 ex
618 3427 857 3492 recentioribus
881 3427 970 3494 Vail·

223 3533 341 3596 lantino
364 3533 411 3612 0),
447 3530 642 3608 Pedrusius,
677 3530 865 3604 Morellius,
899 3532 969 3591 Me·

225 3634 418 3711 dioburbus,
441 3633 624 3715 Theopoli,
645 3632 831 3696 Pcmbroclt
850 3628 887 3710 s).
932 3629 967 3691 Si

224 3757 338 3801 rerum
360 3749 430 3808 est,
461 3754 532 3797 earn
560 3747 668 3796 notam
696 3733 838 3796 existere
860 3733 894 3793 in
917 3731 967 3793 his

221 3838 346 3914 onmis,
375 3835 561 3919 oportebat,
598 3835 654 3918 qui
675 3835 750 3897 ilios
773 3833 966 3916 vulgavere,

223 3942 293 4022 ejus
330 3937 476 4019 adjectae
514 3935 672 3999 rationem
705 3936 847 4000 adferre.
897 3930 967 3995 Ho-

222 4064 294 4104 rum
318 4061 400 4103 nnus
417 4037 622 4123 Schiegeiius
645 4037 755 4122 paucis
778 4058 850 4102 rem
867 4056 966 4120 expe⁴

222 4143 283 4205 dit:
303 4146 359 4205 hic
371 4163 509 4204 censura
521 4140 630 4200 ultera
643 4141 786 4215 ejusdem
798 4141 908 4227 obviat
923 4139 966 4218 e),

222 4266 337 4309 vorum
359 4242 480 4307 addere
503 4255 619 4305 testem
649 4240 807 4324 negligit,
847 4240 903 4323 qui
923 4240 962 4301 [ι.

1036 794 1077 856 ab
1098 816 1214 858 eorum
1238 796 1415 873 sententia,
1449 798 1510 881 qui
1530 820 1668 862 numum
1695 800 1782 865 bunc

1036 894 1077 956 ad
1089 898 1132 959 -Ῑι,
1145 896 1317 963 Vitellium
1341 898 1535 961 Aulinostri
1556 900 1696 965 fratrem
1707 922 1785 987 per·

1034 996 1142 1061 tinere
1163 1010 1319 1073 censent,
1339 1000 1490 1083 quoniam
1511 1014 1545 1063 et
1566 1000 1638 1079 bic,
1654 1016 1707 1067 ¹ut
1727 1004 1782 1081 sit,

1035 1118 1206 1161 censorem
1228 1100 1346 1183 egerit.
1382 1101 1427 1162 At
1448 1122 1512 1185 quo
1532 1102 1623 1167 istud
1644 1118 1780 1169 auctore

1035 1198 1179 1263 adserit?
1214 1213 1312 1283 atque
1340 1214 1376 1263 nt
1397 1200 1529 1282 demus,
1559 1205 1663 1269 etium
1695 1205 1780 1271 bunc

1032 1301 1179 1362 censoris
1196 1322 1333 1365 munere
1349 1302 1509 1381 functum,
1526 1325 1569 1367 ιιι
1584 1306 1688 1369 etiam
1704 1326 1779 1371 cen·

1033 1421 1089 1463 sor
1110 1402 1229 1463 iterum
1252 1403 1390 1480 exstitit,
1418 1404 1506 1488 quod
1526 1419 1639 1470 tamen
1660 1427 1705 1471 ex
1723 1406 1782 1471 bo·

1032 1522 1105 1563 rum
1133 1504 1310 1586 praeconio
1341 1504 1463 1568 adserit
1495 1508 1642 1571 numos?
1678 1508 1780 1605 Quid·

1032 1602 1110 1685 quid
1133 1604 1188 1681 sit,
1219 1604 1306 1667 istud
1333 1620 1475 1685 certum,
1511 1627 1689 1675 censorem
1713 1632 1779 1675 nou

1031 1704 1131 1767 fuisse
1154 1706 1194 1770 1..
1205 1705 1393 1785 Vitellium,
1418 1708 1483 1770 nisi
1503 1730 1567 1773 una
1590 1726 1669 1773 eum
1685 1712 1780 1777 Cisu·

1032 1804 1104 1883 dio;
1131 1820 1163 1869 at
1187 1805 1241 1871 bic
1268 1808 1304 1869 in
1326 1808 1559 1885 marmoribus,
1587 1824 1676 1895 quse
1691 1812 1779 1879 vide·

1029 1924 1068 1968 re
1091 1920 1142 1969 est
1167 1908 1253 1991 apud
1268 1909 1463 1990 Gruterum,
1490 1924 1526 1975 et
1550 1914 1776 1993 tumnensium,

1030 2026 1149 2071 censor
1170 2009 1303 2092 quidem
1326 2011 1461 2090 dicitur,
1485 2013 1579 2079 nulls
1594 2018 1778 2099 unsuita-

1029 2109 1092 2171 rati
1116 2108 1322 2192 magistratus
1345 2112 1453 2211 addita
1476 2127 1572 2191 nota3
1610 2134 1696 2201 ergo
1722 2138 1777 2183 ue-

1030 2227 1093 2293 que
1115 2211 1293 2277 verisimile
1313 2226 1383 2289 est,
1405 2214 1578 2281 Vitellium
1598 2217 1719 2283 iterum
1730 2218 1777 2283 di·

1028 2324 1116 2372 ctum
1137 2331 1320 2379 censorem.
1355 2316 1393 2377 Si
1413 2316 1514 2399 igitur
1539 2338 1700 2385 ιιιιιιιιιιι
1721 2320 1775 2385 bic

1028 2432 1108 2476 vere
1142 2428 1192 2477 est
1223 2414 1385 2498 adjectus,
1417 2417 1656 2485 inveniendum
1679 2422 1775 2487 etism

1029 2527 1080 2576 eet
1109 2514 1250 2598 aliquid,
1278 2538 1343 2601 qno
1372 2516 1401 2579 is
1431 2518 1538 2604 alique
1567 2522 1641 2585 veri
1666 2524 1774 2607 specie

1028 2614 1222 2697 explicetur.
1285 2618 1417 2681 Tacitus
1470 2618 1596 2687 diserte
1649 2624 1773 2709 prodit,

1028 2717 1197 2781 Claudium
1207 2718 1291 2783 Ἠ).
1302 2720 1362 2781 dor
1376 2720 1567 2785 condidisse
1578 2722 1718 2789 lustrum
1732 2722 1775 2809 h),

1028 2822 1153 2882 Tamen
1189 2817 1280 2881 idem
1316 2820 1426 2902 paullo
1464 2822 1562 2885 altius
1579 2820 1629 2905 ⁵),
1666 2838 1776 2913 ¹atque

1027 2920 1125 2985 etiam
1141 2920 1207 2983 Dio
1221 2919 1274 3001 ¹¹),
1304 2920 1475 2987 Claudium
1496 2924 1563 3009 jani
1576 2945 1664 2997 suno
1683 2948 1776 3011 prse-

1027 3020 1186 3097 cedente,
1222 3042 1342 3104 nempe
1367 3023 1408 3088 V.
1435 3024 1473 3091 C.
1500 3026 1567 3089 Suo
1590 3030 1772 3093 censoriam

1026 3136 1219 3208 potestatem
1264 3124 1453 3188 exercuisse
1499 3138 1670 3193 testantur.
1720 3132 1772 3193 Ad

1025 3226 1243 3307 posteriorem
1267 3224 1364 3287 etiam
1385 3225 1474 3290 bunc
1498 3250 1620 3293 unum
1645 3232 1771 3297 Claudii

1026 3347 1197 3389 censuram
1220 3326 1325 3389 refert
1345 3327 1472 3390 Plinius
1491 3324 1528 3409 1).
1568 3330 1650 3395 Cum
1671 3332 1771 3417 igitur

1027 3446 1139 3489 omues
1164 3428 1200 3489 bi
1222 3428 1400 3512 scriptores
1425 3442 1610 3511 testentur,
1631 3448 1771 3498 acturus

1026 3529 1162 3593 Claudio
1182 3550 1353 3595 censuram
1380 3530 1421 3597 V.
1447 3532 1484 3593 (ἶ.
1504 3530 1587 3609 doc,
1618 3554 1657 3598 sc
1684 3534 1773 3599 deiu-

1025 3631 1067 3694 de
1090 3630 1223 3696 deiinite
1236 3632 1378 3709 ‚Tacitus
1406 3645 1567 3716 sequente
1590 3655 1677 3701 suno
1698 3658 1772 3703 oon·

1025 3732 1127 3795 ditum
1142 3735 1280 3811 lustrum
1299 3745 1448 3811 testetur,
1467 3748 1599 3799 certum
1616 3750 1680 3815 est,
1700 3756 1771 3803 coe·

1024 3834 1111 3916 pisse
1135 3855 1206 3899 earu
1232 3835 1364 3920 quidem
1387 3835 1429 3902 V.
1453 3834 1491 3901 C.
1514 3836 1598 3915 doe,
1631 3836 1695 3902 sed
1717 3851 1768 3901 sut

1022 3935 1253 4019 interruptam,
1303 3950 1357 4000 aut
1397 3937 1485 3999 male
1527 3940 1763 4015 continuatum,

1022 4036 1201 4121 impensius
1218 4050 1416 4121 resumptam
1432 4058 1518 4101 anno
1536 4056 1714 4122 sequente,
1734 4054 1767 4107 ct

1021 4140 1088 4203 ritu
1109 4138 1239 4203 solenni
1264 4142 1416 4227 clauspm.
1457 4139 1555 4205 ldem
1576 4144 1708 4209 videtur
1721 4146 1766 4207 in·

1021 4260 1124 4303 unsre
1148 4240 1339 4315 Suetonius,
1369 4260 1445 4304 cnm
1467 4242 1611 4321 eandem
1629 4244 1761 4317 Claudii

260 4488 289 4535 st
307 4480 407 4537 Vitell.
422 4498 448 4536 c.
457 4491 484 4539 ι.
557 4477 594 4548 b)
612 4477 694 4533 Suet.
711 4475 766 4533 l.c.
784 4486 886 4549 caps.
961 4476 993 4544 c)
1011 4472 1052 4529 sd
1065 4472 1144 4531 Suet.
1160 4474 1193 4529 in
1204 4472 1302 4531 viseti.
1319 4486 1379 4535 ct.
1456 4474 1492 4548 d)
1511 4478 1756 4555 Tom.11.p.475.

223 4578 256 4643 a}
271 4571 477 4643 Numpracst.
531 4565 836 4639 Ol‘ovt.lll.tsb.tt.
893 4560 1473 4641 gttnttorett.lupp.1'on.11.p.ase·
1525 4564 1564 4637 Β)
1579 4566 1754 4625 mltos.

223 4666 247 4733 i)
264 4663 342 4725 dum
350 4656 400 4715 11.
417 4670 457 4721 13.
530 4655 565 4727 k)
584 4655 616 4711 1..
626 4654 683 4711 Lx.
699 4667 742 4727 29.

816 4652 1014 4725 obtat
