4012 5370
736 488 1025 563 aaronis.
1585 442 1655 597 „9
1735 603 1737 610 A

209 659 362 726 omnibus
382 657 514 722 officiis
548 656 630 720 fovit
653 657 692 739 t).
734 660 851 742 Neque
892 657 1064 743 cepisset,
1081 679 1149 722 uno
1170 621 1203 722 d.
1224 661 1260 724 C.
1283 663 1500 746 congessisse.
1537 668 1657 733 Διπο-

208 782 283 825 cum
309 763 448 845 primum
476 759 648 842 imperium
671 763 852 843 auspicare-
909 761 1029 838 rimus,
1054 763 1180 826 Liviam
1202 762 1242 826 ab
1265 784 1401 827 excessu
1423 769 1564 850 Augusti
1587 787 1655 835 nott

207 909 216 939 ,
248 866 394 947 ingratus
422 865 454 923 in
482 863 584 923 ariam
608 862 729 923 exstitit
752 863 852 924 collas
909 863 1007 923 modo
1027 862 1145 926 dictam
1168 866 1364 948 Augustam,
1392 868 1451 930 sed
1471 872 1568 932 etiam
1588 877 1656 934 Au-

201 989 206 1026 ι
234 985 307 1028 eam
335 965 467 1027 summis
491 963 684 1039 honoribus,
715 985 795 1047 quos
817 964 850 1024 in
910 963 995 1046 gusti
1015 964 1217 1027 sacerdotem
1245 965 1282 1047 ί).
1316 971 1426 1049 'l‘ypus
1451 992 1584 1034 avonsae
1613 973 1655 1036 ad

201 1065 306 1128 randis
336 1067 442 1126 numis
470 1065 661 1127 recensebo.
706 1070 749 1126 At
777 1086 851 1127 ean·
908 1066 1007 1127 ritum
1029 1065 1123 1147 hujus
1152 1067 1325 1129 sacerdotii
1357 1070 1486 1132 videtur
1511 1073 1657 1154 pertine·

204 1166 328 1243 serius,
362 1165 448 1247 quod
471 1166 509 1226 ab
533 1187 571 1227 ea
594 1167 765 1248 aliquando
795 1166 852 1228 ob·
890 1186 965 1263 κνε,
996 1167 1055 1228 sed
1076 1168 1267 1232 Vaillantius
1284 1170 1324 1231 ad
1340 1191 1430 1232 sacra
1449 1173 1581 1234 Cereris
1599 1192 1656 1237 vo·

201 1284 310 1345 retur,
341 1268 457 1329 taediis
486 1267 526 1330 ad
555 1267 848 1348 mortemadegit,
909 1280 968 1329 cat.
1014 1269 1059 1332 Vt
1081 1283 1207 1332 certum
1232 1284 1282 1332 est
1303 1271 1342 1331 ab
1364 1273 1441 1354 ipsis
1464 1272 1514 1334 his
1536 1274 1653 1349 titulis,

212 1372 330 1444 etiarn,
348 1366 403 1429 'ut
433 1369 561 1451 quidam
592 1382 720 1448 putant,
752 1388 850 1430 vene·
907 1390 1041 1432 numum
1068 1369 1154 1432 hunc
1181 1386 1255 1433 anto
1281 1373 1447 1455 Caligulae
1475 1375 1651 1456 imperium

205 1516 214 1548 ,
238 1493 321 1554 quse
339 1469 379 1531 ab
399 1471 546 1530 omnibus
566 1485 702 1551 propter
723 1470 848 1531 formae
910 1471 1031 1553 signari
1046 1492 1110 1531 non
1130 1473 1293 1553 potuisse,
1318 1474 1364 1535 sic
1382 1475 1476 1556 plane
1496 1472 1656 1539 verisimi-

204 1573 355 1647 lcutiam,
400 1586 433 1633 et
464 1573 671 1653 conjunctum
702 1594 777 1634 raro
812 1593 852 1635 ea
909 1571 941 1634 le
957 1587 1024 1648 est,
1046 1574 1227 1653 imperante
1243 1574 1379 1636 Claudio
1396 1577 1503 1638 lucem
1520 1578 1657 1654 vidisse,

201 1675 386 1755 sexemplo
405 1673 562 1755 pudorem
580 1674 851 1735 communes-lau·
909 1675 990 1734 Nam
1018 1688 1084 1736 tota
1116 1676 1196 1737 haec
1226 1698 1338 1740 aversa
1367 1679 1399 1737 in
1431 1679 1500 1759 ejus
1523 1700 1655 1764 quoque

212 1789 310 1856 atque
336 1796 480 1835 amorem
508 1776 684 1855 promerita
711 1789 775 1849 est,
804 1775 851 1835 sic
909 1776 1015 1836 numis
1040 1777 1222 1857 reperitur,
1249 1791 1344 1860 atque
1362 1777 1388 1839 is
1406 1780 1526 1840 multus
1542 1778 1605 1844 fuit
1620 1784 1655 1844 in

201 1876 229 1936 il.
248 1878 409 1937 Maximus
428 1876 581 1937 adserere
600 1898 666 1937 non
687 1875 852 1938 dubitave-
909 1877 1110 1939 restituenda
1128 1880 1286 1961 majorum
1306 1879 1474 1944 memorio.

201 1999 266 2039 eam
289 1977 440 2038 laudibus
463 1977 589 2037 uirilem
612 1977 751 2038 familiae
775 1998 851 2038 suae
1164 2025 1185 2061 ἦ
1269 1980 1288 2016 *
1373 2028 1400 2063 ἦ,

201 2093 285 2140 atem
305 2100 550 2160 supergressam
567 2085 607 2158 c).
627 2082 780 2140 Honores
795 2099 851 2159 po·
1050 2080 1176 2141 Eadem
1199 2081 1355 2157 adversa,
1388 2088 1424 2143 in
1452 2081 1532 2143 aliis
1558 2093 1658 2165 caput

201 2202 245 2255 ts,
268 2200 352 2263 quos
373 2181 405 2239 ei
422 2180 505 2239 lilius
522 2179 673 2241 Claudius
693 2180 850 2255 decrevit,
921 2247 923 2264 ,
1053 2181 1173 2257 absque
1190 2202 1311 2241 corona
1326 2185 1447 2260 spicea.

201 2303 261 2342 nuo
283 2281 503 2364 proferemus.
912 2279 1252 2344 CONSTANTIAE..
1280 2282 1485 2347 AVGVSTI.
1530 2281 1659 2343 Mulier

201 2384 288 2447 coles
300 2385 462 2446 continuo
480 2382 643 2445 dedimus..
912 2394 1007 2444 stans
1019 2385 1051 2444 d.
1065 2381 1238 2463 oblongam
1244 2385 1375 2464 facem,
1387 2406 1418 2443 .s.
1429 2387 1658 2466 cornucopicc.

912 2483 984 2551 AV.
1004 2482 1089 2546 AR..

969 2582 1051 2644 Cum
1066 2583 1100 2643 in
1120 2583 1232 2665 priore
1249 2604 1348 2647 numo
1362 2583 1565 2659 uiderimus,
1590 2597 1660 2648 tae·

911 2682 967 2746 das
979 2683 1020 2745 ad
1040 2682 1138 2745 ritum
1154 2685 1328 2776 sacerdotii
1344 2687 1485 2768 Augusti
1505 2685 1655 2748 referen-

271 2787 484 2852 ANTONIA.
502 2787 721 2855 AVGVSTA.
747 2787 854 2869 Caput
912 2784 986 2858 das,
1025 2783 1119 2847 taeda
1148 2786 1238 2846 numi
1270 2786 1451 2865 praesentis
1480 2786 1655 2849 simulacro

271 2892 451 2951 Antoniae
469 2894 572 2969 spicis
590 2902 793 2949 coronatum.
912 2885 1075 2962 mulieris,
1110 2885 1196 2946 haud
1219 2885 1323 2947 dubie
1340 2887 1517 2962 Antoniae,
1547 2887 1656 2948 addita

201 2990 356 3053 tttDOS.
382 2991 484 3056 DlVl.
515 2989 718 3055 AVGVSTl.
756 2989 854 3049 Duae
911 2985 1000 3048 idem
1022 2986 1152 3052 videtur
1173 2985 1391 3047 sacerdotium
1412 2987 1567 3052 indicare.
1613 2989 1657 3049 At

201 3113 229 3154 re
248 3113 323 3155 cum
340 3093 483 3152 corollis.
507 3093 577 3157 AV.
594 3090 664 3153 AR.
912 3088 1006 3150 labor
1033 3102 1084 3149 est
1106 3088 1309 3170 epigraphen
1330 3108 1406 3151 cum
1425 3102 1502 3172 typo
1524 3109 1656 3171 compo·
1739 3164 1742 3172 k

201 3195 376 3279 'reponitur
392 3192 531 3253 Antonia
554 3191 658 3273 capite
683 3189 780 3272 spicis
800 3207 854 3250 co·
911 3210 1005 3266 nere.
1049 3189 1535 3271 Havereampus.coustantiam
1556 3193 1660 3255 Anto·

201 3312 227 3359 to
254 3298 358 3358 instar
391 3294 537 3367 Cereris,
578 3314 642 3375 quo
673 3292 761 3354 cultu
791 3287 853 3368 jam
911 3289 984 3352 niae
1009 3287 1146 3352 indicari
1170 3306 1278 3372 putat„
1306 3296 1370 3374 'qua
1395 3290 1451 3352 illa
1472 3291 1658 3356 intorovi·

201 3421 250 3462 sss
274 3396 475 3481 propositam
503 3394 645 3468 Liviani,
675 3406 708 3453 et
731 3389 855 3453 videbi·
911 3389 976 3452 duo
997 3393 1239 3473 perseveravit,
1266 3406 1300 3453 et
1324 3392 1422 3453 liliam
1442 3392 1595 3455 Lirillarn
1616 3392 1658 3454 ad

226 3499 439 3582 Agrippinam
489 3496 661 3576 juniorem.
724 3491 854 3552 Dicitur
912 3506 1052 3555 mortem
1084 3491 1203 3575 adegit.
1260 3493 1384 3558 Verum
1409 3493 1437 3552 si
1470 3491 1550 3554 haec
1581 3512 1658 3555 con·

201 3602 337 3674 esre,
356 3614 389 3661 et
408 3593 854 3660 sttcssttDOS.DtV1.AV·
912 3593 1026 3656 stantia
1051 3592 1091 3654 ad
1122 3593 1294 3654 Antoniam
1326 3591 1490 3672 pertinet,
1529 3611 1590 3654 cur
1619 3612 1656 3654 ea

201 3705 262 3779 illl,
297 3723 380 3786 quos
410 3686 564 3761 honores
584 3699 752 3781 praeclare
779 3716 856 3757 con·
912 3695 1016 3756 virtus
1039 3692 1216 3755 secundum
1235 3692 1429 3775 epigraphes
1450 3711 1581 3754 sensum
1603 3693 1657 3753 tri·
1692 3737 1696 3743 «

201 3819 221 3868 tt
244 3802 328 3880 Dio,
361 3824 435 3865 cum
465 3816 573 3862 narrat
594 3796 644 3880 d),
681 3796 854 3859 Antoniam
911 3793 1023 3854 buitur
1048 3796 1219 3873 Augusto?
1249 3794 1330 3855 Nam
1354 3808 1422 3855 tum
1449 3791 1656 3856 scribendum

201 3906 492 3990 ignlaAugustam
510 3917 543 3964 et
561 3903 763 3961 sacerdotem
782 3902 856 3959 Au·
913 3896 1020 3956 fuerat
1055 3892 1313 3970 AVGVSTAE,
1351 3916 1419 3957 non
1449 3893 1654 3962 AvasTt.

201 4008 340 4071 iisctam
359 4025 538 4088 omnesque
554 4000 695 4068 Vestalis
714 4001 856 4061 honores
915 3993 1071 4069 Accedit,
1106 3994 1234 4054 obviam
1255 3992 1338 4058 hanc
1361 4016 1433 4058 esse
1457 3995 1657 4080 epigraphen

201 4109 313 4173 ibutos.
353 4108 471 4170 Refert
492 4109 588 4167 etiam
613 4101 785 4165 Suetonius
811 4105 858 4180 ⁰),
915 4095 948 4158 in'
967 4094 1072 4156 numis
1090 4094 1148 4155 lilii
1167 4092 1311 4173 Claudii,
1333 4118 1469 4181 eamque
1488 4097 1570 4159 adeo
1586 4097 1657 4179 ejus

201 4212 292 4294 gulam
325 4209 360 4270 in
398 4208 570 4269 Antoniam
611 4205 730 4278 aviam,
768 4202 857 4284 quid·
915 4196 1022 4259 rideri
1051 4198 1233 4279 propriam,
1266 4211 1301 4259 ut
1322 4199 1504 4262 videbimus
1526 4198 1559 4258 iu
1583 4200 1654 4277 eius

230 4333 371 4397 uuquam
406 4311 499 4373 Liria
529 4310 673 4389 Augusta
694 4304 855 4365 honorum
914 4311 1055 4362 moneta.
1120 4300 1275 4361 Ceterum
1320 4300 1348 4360 si
1395 4298 1574 4382 epigraphe
1617 4301 1682 4396 ad⁸

409 2621 555 2687 Numi:

201 4476 1658 4510 W

201 4615 540 4692 saer.incatig.c.1o.
596 4613 633 4684 b)
653 4607 777 4667 sustin
793 4606 887 4680 Calig.
904 4591 982 4670 ολδ.
1003 4599 1187 4660 niolam.
1204 4603 1266 4672 Μ.
1322 4600 1427 4675 c)l.t'.
1486 4601 1653 4674 d)L.L1X.

231 4713 263 4786 e)
282 4710 313 4766 in
329 4705 425 4785 catig.
446 4716 522 4768 c.15.
559 4702 607 4812 ‘sl
628 4699 684 4758 Dio
698 4699 730 4756 L.
740 4696 814 4758 LVI.
832 4697 857 4768 ᾗ.
867 4697 910 4760 46.

1294 4782 1376 4840 ‘Za
