4012 5370
232 471 303 551 216
927 461 1100 537 NERO.

234 634 367 699 lunonis
384 631 507 715 fugisse
524 630 680 695 refertur.
714 629 767 693 Ad
783 630 870 694 idem
889 653 982 716 argu·
1039 634 1077 696 P.
1087 634 1131 693 M.
1155 602 1272 714 (etiam
1295 628 1358 690 isoe
1383 630 1521 711 omisso)
1549 629 1621 696 ΤΒ.
1639 631 1680 695 Ρ.
1695 630 1734 695 Ρ.
1751 631 1786 693 Ρ.

233 751 380 800 mentum
405 736 562 798 adludunt
587 732 677 797 numi
698 733 911 797 Graecinum
932 756 983 797 ca·
1041 734 1075 794 S.
1095 734 1131 796 (i.
1152 731 1257 793 variis
1281 731 1362 793 aliis
1381 733 1641 795 mutationibus.
1678 732 1786 797 Bonna

234 839 301 923 pite
319 837 478 913 Neronis,
506 857 645 922 quorum
665 835 853 919 complures
870 836 981 918 vulga·
1039 837 1144 895 aronis
1176 835 1324 895 insidens
1345 834 1377 895 d.
1397 835 1547 897 lauream
1573 838 1777 917 praetendit.

232 942 279 1001 vit
305 940 478 1003 Morelliua
508 937 629 1023 absque
658 937 789 1023 quidem
813 938 978 1001 mentione
1036 936 1176 1000 sunl.
1199 936 1300 1025 (Mus.
1319 934 1428 1016 Caes.)

230 1042 339 1119 urbia,
371 1041 429 1103 sed
446 1040 479 1100 in
496 1038 617 1103 Achaia
636 1038 859 1103 verisimiliter
877 1038 982 1123 signa·
1103 1126 1107 1133 ¹

230 1157 298 1221 tos,
315 1144 350 1204 in
369 1163 506 1225 quorum
516 1160 604 1203 uno:
1034 1136 1077 1205 V.
1175 1134 1308 1199 NERO.
1326 1136 1454 1204 CLAV.
1474 1137 1573 1203 ΒΑΕ.
1591 1138 1700 1208 AVG.
1722 1138 1786 1204 Νη.

369 1240 405 1303 N
408 1239 570 1304 ΕΡΩΝΙ.
582 1234 857 1305 ΑΠΟΛΛΩΝῙ.
872 1240 977 1322 Apol·
1173 1252 1252 1301 ctua
1268 1259 1349 1301 arae
1362 1241 1535 1318 insistens,
1560 1240 1636 1305 vela

370 1345 415 1418 io,
438 1343 490 1403 oel
501 1338 977 1421 Neroaitlsaroedusgradiens
1032 1339 1073 1402 Χ.
1171 1337 1307 1405 NERO.
1351 1339 1511 1409 CLAVD.
1549 1342 1652 1409 ΘΑΕ.
1683 1342 1783 1415 Ave.

370 1465 443 1506 curn
459 1443 547 1526 lyra.
1168 1437 1306 1504 GERM.
1329 1442 1420 1504 taem
1438 1455 1549 1525 typus.

226 1539 469 1607 NGPQNOC.
498 1543 652 1606 Victoria
669 1540 831 1621 gradiens
853 1542 885 1604 d.
903 1542 975 1603 loa·
1031 1542 1071 1605 Ρ.
1087 1543 1133 1607 Μ.
1159 1543 1229 1603 Til.
1251 1544 1290 1606 Ρ.
1310 1542 1399 1606 ΙΜΡ.
1420 1542 1459 1606 Ρ.
1476 1543 1516 1607 Ρ.
1533 1543 1568 1608 S.
1587 1544 1627 1614 C.
1656 1548 1783 1613 ttanss

226 1664 317 1706 ream
334 1645 442 1729 offert.
1034 1643 1137 1707 oleae.
1158 1644 1228 1704 ΑΕ.
1245 1646 1302 1708 111.
1325 1646 1425 1726 (Mus.
1442 1644 1552 1725 Caes.)

165 1808 167 1813 ,
291 1743 399 1830 Atque
432 1744 466 1804 in
490 1743 541 1805 his
571 1741 678 1805 nuruis
701 1748 768 1805 ndu
795 1739 894 1803 mode
921 1740 976 1804 ha·
1152 1744 1288 1811 NERO.
1307 1746 1435 1814 cLAv.
1450 1744 1666 1815 CAE.AVG.
1683 1746 1779 1813 (iffi

226 1846 341 1910 bemus
370 1848 537 1909 Neronem
568 1843 714 1928 Apollini
741 1842 974 1919 adsimilatum,
1151 1847 1347 1930 (epigraphe
1371 1853 1408 1911 in
1435 1850 1610 1913 nonnullis
1626 1852 1779 1935 paulis·

227 1949 281 2032 qui
312 1948 436 2031 etipse
467 1947 583 2011 eadem
616 1947 722 2022 cultu,
756 1959 789 2008 et
810 1946 843 2005 in
866 1943 972 2007 nuruis
1099 2022 1110 2035 .
1151 1950 1332 2028 variante.)
1350 1949 1546 2029 Columella,
1565 1972 1777 2035 supraquan

228 2049 361 2131 quidem
379 2049 551 2124 Romanis,
571 2069 652 2132 quos
669 2049 701 2108 in
718 2060 817 2130 geute
833 2046 971 2108 Antistia
1147 2051 1266 2130 galea,
1287 2052 1454 2112 inclinata
1469 2052 1515 2112 ad
1525 2072 1602 2115 eam
1615 2052 1733 2131 nasta,
1746 2066 1777 2117 et

226 2149 406 2233 descripsi,
428 2154 527 2213 Astii
544 2149 674 2211 nomine
694 2147 883 2224 exhibetur,
911 2145 971 2209 sed
1149 2151 1263 2231 clypeo
1278 2154 1404 2213 inserto
1419 2152 1586 2217 Medusae
1599 2160 1722 2238 capite.
1766 2206 1773 2213 .

224 2252 322 2314 etiam
347 2271 408 2333 per
428 2271 560 2313 aversae
587 2263 697 2333 typum
723 2248 876 2315 victorias
894 2270 970 2333 qua·
1030 2250 1070 2316 P.
1080 2251 1127 2314 Μ.
1144 2250 1215 2314 Til.
1229 2251 1267 2311 Ρ.
1282 2252 1371 2317 ΙΜΡ.
1385 2253 1424 2317 Ρ.
1441 2252 1478 2314 Ρ.
1496 2254 1530 2317 S.
1544 2255 1583 2319 C.
1605 2256 1690 2340 (isac
1703 2274 1775 2337 qne

223 2371 420 2436 quaversum
440 2365 534 2414 cantu
558 2352 693 2429 relatas,
719 2364 753 2413 et
771 2371 908 2414 coronas
924 2350 971 2412 in·
1030 2372 1092 2431 que
1115 2352 1295 2436 epigraphe
1313 2356 1476 2416 modicum
1496 2356 1682 2441 uariante.)
1714 2356 1773 2419 tte·

223 2471 375 2514 numeras
400 2451 462 2514 sibi
484 2466 661 2535 propterea
684 2475 727 2517 ex
748 2450 897 2515 omnibus
918 2475 970 2514 ur·
1029 2473 1102 2514 snus
1116 2453 1219 2519 oleae.
1243 2453 1313 2519 ΔΕ.
1326 2454 1380 2516 111.
1398 2457 1498 2538 (llius.
1514 2457 1630 2539 Caes.)

223 2551 318 2615 bibus
342 2552 429 2616 douo
453 2555 584 2631 missas,
618 2553 659 2617 de
688 2574 752 2639 quo
776 2568 969 2637 argumento
1091 2554 1230 2630 Noctua,
1262 2574 1371 2618 ramus
1406 2557 1518 2636 oleae,
1560 2558 1676 2641 galea,
1712 2557 1770 2640 cly-

222 2654 294 2716 iuse
322 2667 421 2737 agunt
451 2669 600 2718 auctores
626 2676 701 2718 mex
726 2655 855 2719 laudati.
904 2658 970 2719 Eo-
1026 2668 1108 2735 pens
1131 2653 1289 2719 Medusae
1312 2657 1446 2740 propria
1467 2671 1543 2722 suut
1565 2659 1710 2724 Palladis
1729 2670 1770 2723 st·

223 2754 298 2818 dem
320 2759 430 2831 cultu,
459 2777 522 2841 quo
541 2759 632 2820 Nero
656 2757 691 2818 in
711 2757 762 2820 his
783 2758 890 2820 nuruis
914 2779 969 2821 ex·
1025 2754 1161 2833 tributa,
1195 2757 1287 2839 cujus
1319 2760 1532 2844 quinquatrus
1556 2762 1652 2825 Nero
1683 2772 1769 2825 sucta

221 2858 363 2935 hibetur,
379 2878 499 2941 nempe
516 2878 590 2920 cum
608 2859 740 2935 cithara,
758 2872 791 2920 et
806 2858 965 2922 citharae·
1024 2856 1219 2920 solennitate
1240 2858 1438 2938 celebrarit,
1461 2874 1582 2926 statuto
1604 2862 1703 2927 etism
1718 2882 1769 2925 sn·

222 2959 454 3037 dorumstola,
483 2962 630 3043 queritur
649 2959 770 3041 Apollo
793 2958 963 3044 ipseapud
1023 2978 1083 3021 reo
1107 2957 1179 3040 ejus
1208 2958 1320 3042 signo,
1353 2974 1389 3023 ut
1410 2982 1507 3046 supra
1528 2962 1565 3026 in
1592 2962 1768 3049 congiario·

222 3061 438 3124 Themistium
461 3062 509 3140 ⁸),
532 3058 623 3122 adse
642 3060 965 3139 venisseNeronem3
1023 3080 1097 3122 rum
1123 3060 1229 3122 numia
1262 3080 1305 3122 ex
1327 3062 1441 3125 Tacito
1472 3062 1582 3131 docui.
1636 3067 1717 3129 Sunt
1735 3064 1767 3125 lai

223 3163 300 3247 quin
331 3175 364 3224 et
385 3162 490 3244 ipsum
522 3161 653 3222 coelum
679 3183 792 3223 ausum
823 3182 897 3227 esse
919 3167 967 3227 in·
1022 3160 1113 3222 numi
1134 3162 1218 3224 aeris
1241 3162 1382 3241 minimi,
1413 3164 1591 3252 dequibus
1615 3166 1768 3231 inin-site·

223 3277 331 3340 trare,
352 3262 444 3345 lingit
467 3259 606 3323 lulianus
621 3259 665 3343 b).
709 3261 775 3330 Vbi
800 3282 874 3326 erus
897 3278 966 3327 tum
1025 3284 1098 3325 rum
1116 3282 1238 3331 sermo.

220 3361 375 3442 Graecia,
404 3384 486 3448 quas
519 3362 597 3426 olim
619 3364 823 3446 Evangelum
844 3366 967 3428 Taren·
1280 3412 1300 3451 ι
1383 3366 1404 3405 *
1487 3417 1508 3456 5

220 3468 341 3544 tinum,
364 3464 419 3550 qui
442 3486 536 3528 ausus
553 3478 625 3526 erat
648 3484 746 3526 aurea
766 3463 897 3528 indutus
911 3487 966 3530 re·
1177 3470 1223 3530 Vt
1237 3469 1291 3533 lit.
1303 3469 1335 3531 B
1347 3480 1381 3531 et
1397 3469 1441 3536 H.
1664 3527 1669 3533 .

222 3584 288 3645 stc,
307 3590 437 3633 auream
451 3567 546 3643 item,
566 3565 766 3650 gemmisque
782 3566 964 3631 distinctam
1022 3568 1123 3633 Pon.
1151 3570 1201 3650 (in
1217 3570 1384 3635 nonnullis
1400 3570 1551 3653 Pone.)
1573 3572 1675 3638 081¹.
1694 3570 1765 3639 Av-

217 3666 394 3746 eorunm,
430 3670 597 3752 lyramque
629 3681 775 3751 gestans,
815 3684 963 3733 ceterum
1020 3669 1164 3737 GVSTI.
1182 3671 1216 3735 S.
1235 3673 1271 3737 C.
1302 3676 1424 3737 Portus
1442 3676 1613 3737 Ostiensis
1631 3670 1768 3737 navem

221 3774 353 3855 ignarus
370 3770 509 3833 musicae
525 3769 558 3830 in
573 3769 697 3851 Pythiis
713 3783 858 3849 certare,
877 3793 963 3835 com·
1020 3775 1171 3854 refertas,
1193 3776 1238 3835 ad
1250 3776 1320 3851 eries
1339 3776 1526 3857 ingressum
1539 3786 1658 3837 statas
1672 3792 1767 3855 saper

219 3887 316 3958 perta
344 3873 413 3956 ejus
438 3885 570 3954 stupore
593 3893 611 3933 a
630 3871 800 3935 lictoribus
824 3874 963 3956 corripi,
1020 3873 1095 3935 bosi
1118 3895 1144 3937 s.
1159 3872 1293 3937 hastam
1316 3876 1447 3951 tenens,
1468 3875 1603 3959 inferna
1622 3875 1676 3937 ets
1695 3874 1765 3935 dar·

220 3991 255 4042 et
280 3997 299 4040 e
324 3994 421 4038 scena
448 3971 614 4035 exturbari
640 3972 761 4054 jussisti
784 3974 837 4056 0)?
878 3975 963 4041 Vide
1020 3974 1118 4036 botos
1129 3977 1360 4056 procumbens,
1378 3978 1410 4039 d.
1427 3974 1712 4057 gubernaculum,
1737 3996 1764 4037 s.

220 4079 262 4144 dc
292 4073 474 4142 citharoedi
495 4072 605 4136 habitu
636 4074 733 4138 etiam
760 4096 877 4140 numos
898 4077 964 4141 Au·
1019 4075 1209 4156 delphinum
1218 4088 1341 4140 tenens.
1357 4077 1461 4142 ΔΕΑ.
1476 4076 1537 4140 ssd
1555 4076 1628 4141 ΑΕ.
1637 4078 1680 4143 11.
1693 4096 1765 4162 pro·

221 4181 307 4264 gusti
323 4178 363 4243 ad
378 4179 418 4246 V.
438 4178 474 4244 C.
494 4187 566 4260 742.
1020 4174 1112 4239 duxit
1127 4198 1257 4264 quoque
1271 4176 1484 4255 Vaillsntius,
1509 4198 1655 4264 eumque
1671 4178 1766 4244 ntis

962 4326 966 4331 -
1019 4300 1136 4342 sumum
1155 4295 1259 4347 vocat.

221 4383 260 4439 Τ.
355 4379 733 4445 nereensem
747 4381 834 4447 IMP.
853 4383 962 4463 Caput
1078 4384 1215 4447 Portum
1230 4384 1417 4449 Ostiensem
1439 4382 1576 4447 molitus
1600 4396 1653 4448 est
1672 4383 1764 4447 Clau·

357 4483 555 4549 laureatum.
1017 4482 1088 4545 dius
1114 4483 1337 4547 circumducto
1360 4483 1497 4549 dextera
1515 4484 1676 4569 lsersque
1694 4483 1761 4548 bus·

255 4688 288 4755 a)
309 4686 389 4742 Orst.
401 4683 475 4745 XIX
550 4689 584 4760 b)
603 4687 633 4742 in
648 4687 798 4745 Caesarib.
874 4692 904 4760 c)
923 4687 1043 4745 Lucian.
1060 4686 1126 4742 sdr.
1143 4688 1253 4747 indott.
