4012 5370
252 462 321 531 ¹53,
756 494 761 505 .
931 436 1108 512 leib.

246 638 311 678 uon
333 614 427 677 aliam
457 624 548 674 certa
569 606 612 671 ob
633 628 777 682 causam,
802 628 896 691 quam
914 607 993 690 quia
1049 606 1113 669 lant
1148 602 1403 688 antiquariorum
1441 606 1542 672 fidem
1578 612 1614 673 in
1642 613 1789 699 legendis

245 732 315 779 tum
355 715 447 777 Liria
483 716 648 794 Augustae
687 709 818 771 titulum
846 709 992 771 nondum
1048 708 1100 769 his
1119 706 1261 769 numulia
1282 705 1343 768 aim
1363 723 1537 793 expertus,
1565 732 1702 797 porcum
1720 717 1787 799 jara

243 816 367 881 babuit.
409 819 445 875 ln
467 834 567 875 numo
593 834 634 875 cx
663 812 766 875 citatis
795 810 892 872 tertio
923 830 991 872 non
1048 808 1230 890 conjicere,
1255 807 1408 873 ctiamia
1429 811 1570 877 aliorum
1590 816 1788 883 lectionub

245 918 423 1001 legendum
442 906 740 987 ΣΕΒΑΣΤΟΙΣ,
770 911 829 974 scd
850 906 991 973 ΣΕΒΑ·
1046 909 1400 991 iiaiuiaaepcccatum.

244 1010 388 1092 ΣΤΩΙ,
429 1017 549 1079 invicta
578 1012 790 1096 comprobavi
819 1013 852 1075 in
881 1013 988 1075 numia
1107 1012 1232 1073 Numer
1251 1007 1346 1074 binos
1367 1012 1482 1078 Liviae
1505 1012 1607 1093 alica,
1630 1016 1690 1081 aed
1710 1038 1785 1101 quor

241 1122 411 1201 Smyrnae.
458 1116 527 1179 Sed
541 1136 583 1177 nc
595 1115 628 1176 in
646 1114 783 1176 molesta
800 1134 895 1176 causa
918 1115 987 1176 diu·
1043 1111 1145 1175 Iuliae
1174 1112 1316 1196 Augutti
1344 1112 1431 1177 liliaa
1468 1136 1648 1201 perperam
1679 1118 1785 1185 tribuit

239 1221 303 1281 tius
327 1220 447 1281 frustra
465 1238 597 1291 rcrscr,
620 1214 671 1295 ajo
694 1214 827 1291 iterum,
851 1214 910 1278 hoe
929 1238 989 1278 nu·
1045 1212 1260 1291 Palloriniua,
1276 1212 1353 1281 ride
1368 1214 1454 1279 infra
1471 1217 1619 1302 inhujus
1632 1220 1747 1287 namin.

240 1322 347 1383 mulos
371 1320 418 1382 sic
443 1316 573 1381 vitiatos
598 1314 682 1377 male
708 1314 741 1375 in
765 1316 989 1379 testimonium
1400 1380 1426 1421 Ι,

240 1421 372 1491 arcessi,
390 1433 422 1479 ct
440 1418 569 1481 ridetur
586 1415 775 1485 verisimile,
792 1416 920 1500 quando
938 1418 987 1499 ju·
1301 1427 1322 1466 ὓ
1510 1432 1530 1469 ⁸

239 1538 293 1585 uta
317 1522 419 1604 capita
441 1522 506 1581 duo
531 1520 638 1602 jugata
664 1538 743 1581 rere
770 1518 891 1601 legitur
906 1517 986 1579 acri·
1111 1517 1280 1596 Coloniae,
1296 1532 1392 1603 atquc
1407 1519 1556 1605 inprimi·
1568 1522 1784 1607 Hispaniaact

239 1640 330 1707 ptum
346 1616 604 1695 ΣΕΒΑΣΤΟΙ,
631 1632 699 1681 tum
716 1640 848 1701 semper
864 1618 985 1681 intelli·
1043 1617 1196 1696 Africae,
1223 1620 1386 1683 cumulata
1411 1622 1635 1689 observavero
1653 1626 1781 1689 Lirian.

238 1722 775 1807 gondos'libarium,etLiriam,
794 1742 859 1782 non
875 1722 986 1804 Augu·
1042 1718 1164 1780 Earum
1212 1721 1315 1805 turpia
1351 1720 1493 1785 adulatio
1532 1724 1588 1813 bic
1630 1726 1779 1803 notanda,

237 1842 321 1889 aluta
346 1824 532 1888 ctLit·iatn.
577 1824 684 1905 Atque
709 1822 825 1898 etiam,
852 1824 879 1884 ai
896 1824 982 1886 sorta
1041 1821 1193 1901 quoniam
1207 1822 1250 1885 ad
1262 1822 1333 1905 ejus
1348 1824 1700 1906 Augustaeltiatoriant
1714 1849 1780 1913 pet·-
1814 1822 1821 1833 ’

236 1946 468 2010 nonnunquam
505 1925 638 1986 nomine
672 1920 917 1986 ΣΕΒΑΣΤΟΙ
948 1927 983 1987 itt
1040 1919 1133 1988 littei.

236 2050 336 2092 numo
352 2028 502 2112 quopiam
518 2048 583 2087 non
600 2039 733 2109 poascnt
745 2025 901 2109 intelligi,
919 2026 983 2088 nini
1181 2024 1312 2091 tthA.
1368 2024 1591 2095 eversu.
1651 2028 1778 2091 GENE-

235 2127 572 2211 Augustamnica,
591 2127 795 2189 tantitamcn
814 2141 983 2211 putogra·
1180 2126 1297 2194 TRIX.
1327 2126 1469 2193 olims,
1527 2130 1638 2212 Caput
1675 2130 1775 2195 Iulida

234 2232 442 2295 aissimorum
458 2228 613 2301 virorum,
632 2247 714 2309 quac
731 2225 891 2309 principio
907 2248 982 2309 pro-
1177 2226 1367 2292 aurearum
1384 2229 1485 2312 globo
1504 2230 1717 2313 impositum,
1729 2252 1774 2295 ru·

234 2334 312 2409 tuli,
344 2330 544 2403 testimonia,
575 2328 699 2389 Liuiam
730 2330 879 2410 Augusto
907 2331 981 2393 rito
1175 2330 1421 2409 perneluuula.
1638 2328 1663 2371 ⁶

234 2454 397 2517 nunquam
427 2432 545 2493 dictam
574 2432 769 2511 dugunnun,
796 2442 831 2490 ut
852 2444 981 2492 contra·
1035 2426 1653 2497 PERMD1v1.avG.cot,.1t0t1.
1678 2432 1773 2515 Caput

232 2537 291 2599 riis
322 2532 587 2617 provincialium,
618 2545 653 2593 et
682 2530 813 2613 quidem
835 2529 978 2593 Graecu-
1036 2528 1384 2609 Augustianorum
1405 2534 1603 2595 immittente
1620 2546 1710 2619 astro
1729 2552 1772 2595 ro·

232 2640 341 2701 lorum
360 2634 558 2707 adulantium
580 2633 740 2715 exemplis
762 2653 827 2694 non
853 2630 978 2714 poeaint
1033 2627 1089 2693 lis.
1130 2629 1516 2715 AE.1.(Mue.·Caco.)
1550 2633 1614 2697 Eat
1634 2632 1787 2701 coloniae.

232 2740 352 2815 averti,
373 2738 432 2800 scd
451 2735 733 2800 rocabali'sensaa
750 2733 857 2815 potius
874 2734 978 2817 expli·
1033 2728 1194 2799 Romulae
1213 2734 1381 2799 Baeticae.

231 2845 360 2906 catione
399 2838 551 2901 rideatur
587 2834 795 2900 molliendae.
839 2837 975 2900 Poterat
1095 2832 1213 2897 Narrat
1235 2834 1301 2898 Dio
1324 2836 1376 2915 ¹),-
1402 2850 1558 2921 reporto·
1583 2836 1703 2917 iubae,
1721 2836 1770 2923 qui

230 2942 317 3007 enim
333 2942 426 3003 Liria
444 2944 665 3014 συλληπτικως,
681 2940 748 3003 rire
767 2957 828 3020 per
843 2958 975 3000 consor·
1032 2930 1144 2994 Iuliam
1156 2949 1295 3001 matrem
1302 2941 1448 3019 patriae,
1462 2958 1504 3003 ac
1515 2944 1715 3023 genitricem
1722 2960 1771 3023 ap·

229 3047 309 3107 tium
326 3041 464 3125 Augusti
478 3039 543 3101 dici
558 3041 703 3123 Augusta
727 3039 845 3101 eodem
863 3040 973 3117 modo,
1031 3034 1216 3117 pollandum
1236 3050 1421 3105 censerent.
1453 3039 1504 3103 Ea
1525 3040 1689 3105 sententia
1702 3060 1770 3105 con·

229 3166 294 3231 quo
318 3144 424 3206 serius
449 3142 643 3222 frequenter
666 3140 866 3216 ridebimus,
894 3141 975 3205 Cac-
1031 3138 1180 3221 temptim
1204 3140 1329 3204 Romae
1353 3139 1462 3203 habita
1484 3162 1505 3202 a
1532 3142 1709 3227 provinciis
1729 3156 1771 3207 ta·

229 3266 320 3310 nares
348 3262 480 3327 quoquc
512 3261 573 3323 per
602 3242 802 3303 consortium
823 3261 897 3304 cum
920 3263 974 3325 pa·
1029 3258 1123 3317 men,
1143 3252 1234 3303 utex
1251 3238 1429 3305 hocnumo
1442 3242 1679 3327 perspicimur,
1697 3264 1768 3311 catu

113 3362 122 3394 t
227 3348 332 3409 tribua
353 3342 505 3427 Augustis
528 3344 730 3425 Augusteum
755 3343 884 3405 titulum
901 3364 973 3425 par·
1027 3339 1142 3421 plausu
1163 3356 1298 3427 accepta
1313 3341 1388 3420 init,
1417 3363 1526 3431 eoque
1545 3344 1644 3411 sucro
1658 3344 1771 3411 libera·

226 3450 373 3534 tieipare.
417 3446 468 3507 Ad
496 3442 578 3507 baec
606 3464 681 3507 eum
703 3445 859 3506 hactenus
883 3444 973 3508 ride-
1027 3440 1146 3519 liores,
1168 3441 1256 3526 quod
1273 3456 1377 3508 totum
1391 3459 1555 3511 terrarum
1567 3446 1687 3513 arbem
1700 3446 1770 3531 ajon

225 3552 343 3627 rimus,
367 3563 401 3613 et
419 3546 519 3614 visuri
536 3547 636 3609 timue
655 3545 811 3630 deinceps
829 3565 970 3629 quoque,
1026 3554 1121 3605 utero
1138 3542 1321 3609 inclusere.
1355 3546 1518 3613 Graitrin
1538 3551 1632 3616 orlt'r
1655 3547 1771 3615 dicitur

226 3652 352 3714 Liviam
383 3651 416 3710 ia
451 3648 575 3725 numia,
607 3662 641 3711 at
664 3647 880 3710 marmoribus
904 3648 970 3711 diei
1027 3642 1124 3706 etiam
1158 3644 1192 3705 in
1222 3667 1385 3733 marmore
1415 3650 1630 3735 antiquariae
1657 3652 1770 3739 Hiapa·

225 3753 393 3836 propalam
429 3753 542 3825 deam,
578 3750 756 3825 Iunonem,
799 3753 968 3827 Cererem,
1025 3743 1100 3807 niae
1129 3760 1289 3829 reperto,
1315 3748 1404 3834 quod
1432 3762 1484 3813 eat
1513 3751 1602 3835 apud
1632 3756 1770 3817 Murato·

225 3855 328 3916 multo
353 3851 465 3934 utiquc
485 3851 590 3914 levius
607 3849 801 3934 putandam,
828 3848 970 3915 aiGrae·
1026 3846 1111 3909 rium
1131 3844 1174 3928 l).
1217 3850 1345 3914 Laurea
1372 3850 1474 3916 lutiae
1495 3852 1607 3919 addita
1619 3854 1769 3921 iurabas

223 3958 254 4019 ci
279 3974 349 4018 eam
377 3952 450 4034 jure
471 3973 530 4015 suo
552 3952 667 4015 dixere
693 3946 853 4028 Σεβαςην,
880 3950 968 4035 quod
1026 3967 1103 4011 aare
1125 3948 1159 4008 in
1180 3948 1303 4014 lamina
1320 3952 1435 4036 capitia
1450 3955 1558 4019 cultus
1573 3968 1636 4021 eet.
1665 3958 1768 4036 Solia,

223 4054 418 4122 vocabulum
445 4053 480 4114 ia
505 4072 620 4115 eorum
652 4053 762 4135 lingua
789 4051 875 4114 aliud
902 4074 969 4116 aon
1026 4063 1060 4113 et
1081 4051 1194 4114 Lunae
1213 4051 1358 4134 cymbala
1378 4054 1509 4139 caepiua
1528 4058 1769 4142 Augurinum,

223 4159 399 4244 significat,
425 4175 521 4239 quam
544 4155 753 4217 venerabilis.
797 4153 865 4215 Sed
885 4154 967 4219 baec
1024 4154 1308 4239 Augustarumquc
1344 4154 1443 4245 capiti
1472 4154 1584 4223 addita
1605 4160 1775 4237 rideatur,-

223 4259 399 4324 necersarii
436 4272 559 4320 tantum
587 4252 703 4337 effugii
726 4274 821 4317 causa
849 4254 981 4336 adjeci(
1024 4254 1140 4338 quibua
1149 4255 1261 4318 notari
1273 4255 1512 4329 Aeternitatetn
1529 4258 1772 4329 diceturinttu·

221 4366 303 4425 Nam
324 4382 415 4451 cum,
441 4374 476 4423 ut
494 4359 650 4433 vidimus,
668 4358 733 4439 jam
751 4356 879 4443 saepius
902 4378 966 4420 ma·
1023 4356 1084 4418 mia
1100 4356 1241 4437 Traiani.

222 4548 1772 4589 ...mmm—m
1815 4566 1820 4581 .

259 4700 289 4767 a)
309 4695 437 4755 LLVII.
453 4701 479 4767 ἑ.
492 4710 531 4759 12.
606 4696 641 4767 b]
660 4712 727 4772 pag.
739 4704 801 4755 222.
