4012 5370
228 487 274 555 az
773 412 890 538 sua.
921 456 1242 539 rome-utve:

235 644 380 703 Gnaeum
408 656 576 722 augurem.
608 636 651 697 At
677 655 750 700 eum
780 637 844 699 hoc
874 654 989 699 sacer·-
1039 653 1120 719 ergo
1146 631 1326 703 sacerdotis
1348 645 1384 696 ut
1406 629 1608 697 hereditates
1632 631 1674 697 ad
1697 631 1781 696 lilios

235 741 447 805 dotio‘suisae
469 740 646 822 insignem,
682 759 749 802 uon
770 737 870 801 modo
892 751 982 802 vete·
1036 735 1235 814 transivere,
1265 748 1362 821 atque
1388 747 1424 797 ut
1448 735 1482 797 in
1508 737 1784 821 nomemllagni,

236 866 309 905 rum
340 863 437 906 nemo
460 838 621 925 prodidit,
659 841 718 903 aad
738 860 847 927 neque
870 860 911 904 ex
932 840 981 901 in-
1037 839 1084 901 aic
1102 852 1136 903 et
1154 838 1187 901 in
1201 850 1375 922 auguratus
1391 836 1554 901 honorem
1570 838 1704 923 utrique
1714 837 1783 899 lilio

130 1069 135 1081 ·
235 1047 393 1131 temporis
421 1066 532 1109 causes
562 1065 635 1117 esse
668 1042 783 1128 potuit.
827 1042 981 1108 Enimve·
1038 1043 1172 1118 cerani,
1209 1040 1334 1104 hortari
1362 1041 1521 1125 populum
1546 1038 1611 1118 a..
1639 1055 1679 1105 nt
1706 1041 1786 1104 Sex·

233 1168 273 1212 ro
302 1162 356 1211 ant
385 1161 479 1230 patre
505 1146 599 1223 vivo,
638 1160 691 1209 aut
720 1159 852 1208 mortno
872 1144 906 1205 in
928 1166 982 1207 eu-
1038 1159 1106 1207 tum
1128 1144 1162 1207 in
1183 1163 1343 1226 augurum
1365 1141 1554 1227 conlegium
1572 1156 1785 1226 coaptarent,

234 1269 351 1334 garum
373 1247 560 1332 conlegium
575 1247 690 1312 fuisset
707 1260 885 1329 cooptatus.
906 1240 981 1307 Non
1039 1244 1151 1330 siper
1170 1245 1271 1308 Gnaei
1292 1244 1404 1308 fratris
1425 1257 1566 1308 mortem
1590 1258 1793 1330 auguratum>

235 1365 328 1432 patre
352 1349 448 1427 rivo,
487 1368 561 1412 narn
591 1369 634 1412 ex
660 1350 833 1413 luculento
864 1347 980 1410 Dionis
1037 1350 1103 1434 jam
1117 1344 1287 1426 adivitbtt
1308 1347 1429 1414 Vtrum
1448 1346 1532 1410 haec
1552 1347 1685 1431 longius
1699 1347 1794 1410 refu·v

233 1451 440 1528 testimonio,
473 1449 561 1535 qnod
587 1465 691 1514 totam
713 1451 746 1512 iu
768 1450 873 1511 nnmis
895 1448 981 1512 Len·
1037 1450 1152 1516 tanda!
1169 1446 1271 1512 Addit
1287 1448 1456 1512 continuat
1475 1449 1614 1513 Sextum
1631 1470 1698 1511 aaa
1714 1462 1788 1512 taa-

234 1553 297 1614 tnli
319 1552 503 1636 Spintheris
523 1552 677 1630 recitavi,
698 1553 753 1615 lex
775 1565 888 1635 aperte
905 1568 982 1634 pro·
1038 1564 1110 1613 tum
1134 1570 1312 1632 augurem,
1333 1553 1393 1613 sed
1412 1562 1446 1613 ct
1465 1546 1656 1634 pontificem
1661 1552 1786 1635 fuisse.

235 1652 380 1731 bibebat,
401 1676 443 1718 ue
466 1653 532 1716 duo
554 1674 596 1717 er
617 1678 681 1719 una
703 1666 802 1740 gente
823 1651 912 1715 idem
933 1673 981 1714 aa·
1038 1650 1146 1730 Nori,
1183 1648 1359 1735 antiquitus
1389 1670 1520 1737 quoqne
1540 1663 1720 1738 utrumque
1741 1672 1788 1715 sa·

235 1754 419 1819 cerdatium
441 1757 611 1820 haberent.
646 1756 763 1824 Vtrum
786 1754 819 1815 in
841 1754 902 1817 bac
926 1753 994 1817 oba
1038 1751 1223 1816 eerdotium
1245 1751 1301 1813 uni
1329 1750 1504 1838 eidemque
1534 1750 1690 1817 delatum.
1734 1752 1788 1817 Sic

234 1859 393 1922 servanda
415 1859 491 1923 eatis
513 1876 646 1942 semper
669 1856 845 1941 diiigenter
859 1855 984 1918 suerint
1040 1852 1086 1948 Q
1104 1852 1224 1916 Fabius
1258 1853 1437 1932 Maximus,
1477 1853 1524 1933 is,
1562 1854 1620 1940 qni
1652 1856 1789 1919 Cuncta·

233 1960 388 2038 Romani,
423 1981 490 2022 uon
524 1959 667 2044 inquire.
718 1957 808 2021 Istud
836 1971 983 2033 certum,
1039 1968 1092 2018 tor
1121 1954 1226 2018 dictus
1257 1967 1325 2032 est,
1355 1976 1418 2020 uua
1440 1976 1564 2040 augur,
1598 1978 1663 2022 una
1683 1956 1789 2053 ponti·

232 2081 299 2122 non
333 2081 511 2125 occurrere
540 2061 728 2145 exemplam
755 2080 830 2143 rep.
851 2059 981 2142 integra
1038 2057 1094 2119 fex
1123 2055 1468 2140 fortunatiano).
1512 2061 1566 2120 Aa
1586 2077 1670 2123 vero
1693 2071 1728 2123 et
1749 2057 1792 2121 si·

236 2164 327 2243 (nam
363 2161 452 2224 aliud
488 2163 600 2248 paullo
628 2175 702 2246 poet
728 2159 983 2242 imperatoribus
1038 2157 1117 2219 anile
1138 2156 1190 2240 jus
1212 2157 1455 2221 deletum'Sex.
1476 2160 1667 2245 Pompeio?
1698 2159 1789 2252 Quid

234 2261 371 2346 placuit)
413 2262 589 2325 sacerdotii
619 2261 763 2337 duobus,
793 2261 908 2324 saltem
939 2280 982 2324 ex
1039 2257 1127 2345 quod
1151 2260 1270 2321 Sextus
1290 2279 1399 2344 neque
1420 2280 1541 2346 augur,
1577 2281 1689 2348 neque
1710 2280 1789 2348 pou·
1828 2272 1837 2295 ⁸

238 2363 354 2426 eadem
385 2363 526 2440 familia,
556 2361 655 2427 simul
682 2361 765 2428 vivis
793 2362 912 2439 delati,
940 2361 982 2425 de
1040 2362 1121 2426 tifex
1150 2380 1291 2444 unquam
1323 2356 1399 2439 fuit,
1434 2375 1489 2426 aut
1511 2384 1616 2449 augur
1638 2382 1714 2427 ease
1732 2382 1790 2449 po·

238 2485 303 2549 quo
335 2467 412 2546 lege
442 2464 658 2527 disserentem
698 2462 831 2547 copiose
859 2462 984 2526 Norisi·
1041 2465 1113 2528 tuit.
1155 2461 1329 2525 Mirabitur
1349 2458 1437 2526 istud
1456 2464 1726 2551 Harereantpus,
1755 2479 1789 2529 et

237 2587 292 2627 um
309 2567 350 2645 ⁵).
383 2564 540 2650 Sequitur
561 2584 664 2647 ergo,
693 2563 846 2648 quamdiu
876 2564 909 2625 in
938 2564 985 2627 ri·
1042 2566 1096 2649 qui
1113 2565 1195 2628 hoec
1215 2563 1430 2628 inconsultius
1443 2564 1642 2648 adseruere,
1664 2566 1726 2631 aed
1742 2567 1787 2631 fa·

238 2669 288 2731 vis
318 2668 378 2731 fuit
407 2681 519 2751 peter,
549 2665 701 2751 quoniam
732 2665 805 2743 hie,
837 2678 874 2727 ut
903 2664 985 2725 diri·
1041 2668 1105 2731 cile
1127 2666 1319 2730 sententiam
1341 2665 1517 2731 tuebimur.
1551 2669 1671 2734 fuisse
1692 2690 1789 2755 augu-

239 2790 335 2847 mus,
359 2789 464 2852 augur
484 2767 547 2852 jam
569 2765 647 2844 suit,
674 2767 707 2827 in
730 2764 833 2828 lilium
855 2764 985 2830 confer·
1040 2790 1129 2847 rem,
1151 2768 1291 2854 probant
1308 2788 1349 2832 ex
1368 2770 1529 2833 Cicerone
1545 2768 1598 2854 d):
1620 2777 1657 2837 in
1669 2777 1789 2858 primis

238 2872 269 2933 ri
297 2883 487 2955 auguratum
517 2889 583 2931 nou
612 2866 769 2953 potuisse.
815 2869 860 2932 At
882 2867 1013 2936 videri·
1038 2883 1217 2956 paternum
1233 2882 1420 2953 auguratus
1435 2871 1563 2954 lacum,
1584 2875 1621 2935 r'rr
1635 2893 1702 2954 qua
1717 2892 1789 2937 eum

239 2973 342 3057 possit
373 2971 459 3036 caesi
489 2969 589 3055 patria
617 2971 778 3035 honorem
808 2969 879 3054 ipae
912 2968 988 3033 ade·
1044 2973 1213 3055 (Sextum)
1236 2993 1310 3034 mea
1331 2976 1560 3043 nomirtatiorte
1585 2974 1790 3039 coam

239 3091 325 3157 ptus.
379 3072 454 3168 Quo
494 3071 709 3136 conferente?
748 3086 838 3135 certe
867 3092 933 3135 non
961 3074 985 3132 1.
1044 3076 1120 3138 ΒΟ.
1170 3075 1222 3134 An
1252 3092 1333 3138 vera
1369 3072 1465 3136 etiam
1497 3088 1565 3136 tum
1595 3077 1789 3163 cooptatusl

241 3174 398 3250 Caesare,
435 3174 526 3255 eujus
555 3174 614 3234 ille
635 3173 785 3235 inimicas
808 3174 888 3249 snit,
920 3172 989 3257 qai·
1045 3176 1103 3238 Sin
1125 3173 1230 3252 istud,
1251 3195 1333 3258 qnae
1354 3195 1449 3238 causa
1470 3172 1552 3254 fnit,
1580 3197 1641 3240 eur
1663 3178 1696 3242 ei
1717 3198 1792 3265 qua·

241 3293 305 3357 que
331 3272 486 3354 deinceps
502 3273 775 3337 honoresomuea
792 3274 850 3350 iia,
873 3275 929 3358 qui
945 3273 989 3337 de
1046 3277 1196 3343 drieunio
1227 3277 1352 3354 serius,
1388 3291 1425 3339 ut
1454 3296 1531 3340 mox
1557 3280 1703 3361 patebit,
1741 3301 1794 3344 aa·

241 3395 277 3437 se
298 3374 383 3437 bene
400 3374 510 3437 meriti
527 3375 642 3452 luere,
665 3374 821 3458 elargitus
843 3389 906 3440 est.
926 3377 988 3436 Er·
1047 3390 1179 3462 guratus
1208 3377 1468 3442 decerneretur?
1505 3380 1547 3446 V·
1569 3380 1607 3446 C.
1629 3362 1694 3466 7¹15
1716 3400 1793 3447 con·

243 3497 286 3561 go
305 3477 332 3539 si
353 3489 448 3560 caput
466 3474 550 3537 illud
565 3489 615 3539 eat
630 3476 731 3538 Gnaei
745 3474 826 3554 lilii,
847 3476 924 3561 quid
945 3475 987 3538 ad
1045 3495 1179 3547 ventum
1200 3480 1287 3544 inter
1310 3482 1463 3559 Sextum,
1483 3493 1518 3545 et
1538 3481 1691 3562 Illvirot,
1714 3484 1794 3548 Sex-

244 3600 318 3642 eum
346 3578 467 3641 lituus?
511 3578 560 3641 sin
589 3598 656 3641 non
679 3591 730 3641 eat
750 3576 845 3662 hujus
866 3579 984 3655 Gnaei,
1044 3598 1113 3647 tum
1129 3582 1239 3646 duraret
1252 3604 1288 3644 re
1301 3579 1475 3662 elegerimus,
1495 3606 1546 3644 κω
1567 3580 1709 3661 ὅιωηςηι,
1721 3584 1796 3650 ἀπο-

244 3681 335 3763 cajus
367 3679 457 3743 erit?
495 3679 605 3743 Ardua
634 3701 707 3758 res,
747 3678 871 3757 fateor,
900 3680 988 3743 huuc
1047 3682 1231 3772 δειχθηναι,
1253 3686 1421 3747 consulem
1437 3687 1567 3761 creari,
1587 3699 1620 3746 at
1633 3705 1794 3769 augurem

245 3780 375 3845 amoliri
396 3780 560 3864 lapidem,
582 3782 644 3844 etsi
659 3780 760 3846 ,nihili
781 3781 807 3844 is
829 3781 923 3845 labor
942 3782 990 3846 ri·
1046 3784 1337 3863 DESIGNARI,
1370 3799 1407 3848 nt
1428 3798 1538 3850 narrat
1552 3785 1617 3849 Dio
1634 3788 1681 3870 θ),
1704 3786 1793 3875 qnod

243 3904 297 3945 saa
326 3884 566 3965 Harercampo.
610 3883 677 3946 Sed
700 3884 829 3966 facile,
865 3873 991 3968 inquit,
1044 3889 1133 3953 idem
1161 3889 1213 3951 his
1238 3886 1348 3951 verbis
1365 3887 1530 3971 Appianas
1546 3887 1654 3951 refert
1672 3886 1719 3972 ¹):
1745 3914 1795 3952 aas

244 3985 379 4067 dispelle
388 3995 497 4065 potest
512 3983 595 4044 haee
608 3984 759 4063 objectio.
773 3986 871 4048 Patre
882 3988 989 4049 Gnaeo
1045 4012 1102 4066 της
1115 4012 1251 4076 perperna
1264 3994 1420 4068 ἱερωσννης
1432 3985 1466 4065 ἐς
1478 4011 1547 4064 τους
1563 3992 1661 4071 ingres
1673 3988 1795 4080 iapyga·

242 4087 398 4166 darfuncto
408 4082 514 4145 honor
528 4086 594 4146 isto
604 4087 817 4149 conveniebat
829 4090 937 4151 Gnaeo
950 4100 989 4152 ut
1046 4104 1155 4172 parur,
1185 4102 1219 4155 et
1252 4103 1290 4152 ut
1319 4094 1409 4153 inter
1432 4090 1652 4175 pontificatus
1683 4096 1795 4157 maxi·

233 4185 315 4272 filio
331 4184 471 4266 majori,
493 4186 630 4265 ideoque
644 4189 690 4247 ad
702 4188 907 4270 ejusfact‘em
921 4193 989 4271 sig·
1045 4197 1093 4254 mi
1115 4194 1305 4256 sacerdotes
1327 4205 1549 4275 coaptaretur.
1585 4191 1685 4286 Quod
1712 4214 1794 4274 aero

245 4298 346 4350 natus
361 4285 521 4360 aSext03
557 4288 667 4349 Cnaes
689 4290 796 4349 occiso
816 4289 911 4349 heres
928 4309 988 4371 po·
1044 4312 1110 4356 noa
1132 4291 1239 4379 statim
1260 4306 1428 4377 cooptatus
1452 4307 1521 4371 eat,
1544 4292 1580 4356 in
1601 4314 1699 4359 causa
1723 4295 1796 4361 fue-

246 4392 335 4450 terni
363 4388 500 4450 herroris
530 4399 605 4452 erat
640 4387 774 4452 Sextus.
808 4389 985 4475 Eugepae!
1043 4395 1109 4470 rit,
1145 4395 1234 4481 qaod
1264 4397 1381 4481 plenus
1410 4396 1475 4481 jem
1508 4408 1597 4460 esset
1631 4416 1795 4482 augutam

283 4621 512 4692 a).Cenot.Pis.
528 4621 600 4679 diss.
613 4622 650 4682 ll.
667 4635 731 4684 αῖ.
839 4625 876 4698 h)
898 4626 1006 4702 Philip.
1021 4628 1142 4688 xliia.
1155 4643 1180 4694 5.
1291 4633 1368 4713 ομ.
1382 4632 1473 4693 XXX.
1488 4636 1573 4698 cdd.
1682 4634 1794 4712 d)l.r.

246 4717 278 4782 c)
298 4710 329 4765 l..
342 4707 473 4767 XLVlll.
487 4712 511 4782 l·
526 4715 570 4775 36.
680 4713 707 4784 i)
725 4711 799 4770 Bell.
815 4713 871 4770 civ.
885 4715 917 4771 L.
929 4717 966 4776 V.
981 4728 1061 4779 cii.
