3998 5340
786 435 1204 511 vnsesstsnvc
1701 448 1771 531 m

479 654 498 693 4
581 605 601 642 ⁴
686 650 704 688 „
1021 605 1159 669 roniano
1186 605 1263 690 igne
1286 608 1469 691 corruptis,
1498 606 1582 676 ltssc
1611 616 1765 682 continuo

366 711 411 771 Vt
428 707 481 773 lit.
499 709 533 771 C.
1022 706 1161 789 subjecit
1176 713 1229 790 ‘ps
1256 715 1405 778 quumvis
1426 714 1461 772 in
1483 725 1578 774 tunto
1600 717 1766 783 RESVR.

223 805 794 875 LIBEttt.1ttP.nVG.VEsPAs.
825 807 918 870 Titus
931 818 966 870 et
1027 805 1200 872 GENTIS
1221 810 1364 873 VRBIS
1384 812 1636 890 pulchritudine
1659 821 1767 881 multu

223 912 441 974 Domitianus
464 912 574 992 togati
598 921 736 972 stantes.
767 908 838 972 ΑΒ.
863 910 964 990 (Mus.
1020 913 1168 971 seniores
1186 914 1422 991 meminerunt,
1444 933 1531 993 quoe
1547 922 1698 995 repnruri
1715 941 1769 983 ne·

224 1014 331 1094 Caes.)
1023 1012 1172 1090 quibunt.

283 1117 409 1177 Aversa
428 1124 554 1196 sumpta
571 1124 620 1175 est
639 1133 680 1176 ex
698 1111 804 1174 nnmis
819 1109 965 1186 vitellii,

222 1215 284 1276 nisi
307 1214 394 1296 quod
415 1213 449 1275 in
476 1213 526 1274 his
548 1227 621 1276 sunt
649 1214 752 1296 capita
779 1215 964 1277 liberorum
1167 1216 1222 1277 Vt.
1240 1215 1293 1275 Iit.
1310 1215 1357 1278 A.

222 1316 351 1382 Vitellii
372 1337 407 1377 se
423 1314 642 1398 respicientia.
680 1315 747 1378 Sed
769 1329 803 1377 et
828 1317 898 1378 sola
913 1336 966 1379 ct·
1023 1312 1055 1375 S.
1066 1312 1102 1375 C.
1119 1314 1284 1398 Templum
1291 1315 1526 1397 pereleganti).
1538 1318 1765 1393 columnarum

223 1417 289 1500 pita
308 1417 441 1480 hebebis
458 1419 492 1480 in
509 1418 616 1479 numis
630 1416 703 1480 anni
716 1417 892 1500 sequentis.
1020 1418 1146 1477 statuis
1164 1437 1316 1496 superne,
1339 1430 1438 1494 utque
1457 1423 1611 1498 utrinque
1626 1441 1767 1485 exorno·

583 1519 602 1556 θ
687 1565 706 1604 4
1021 1527 1102 1592 tum,
1117 1520 1154 1577 in
1170 1519 1533 1598 cujusmediost'gnunt
1551 1520 1767 1588 Iouis-reden·

368 1623 413 1681 Vt
432 1622 485 1684 lit.
502 1620 552 1682 Μ.
1023 1620 1086 1691 tt's,
1113 1619 1169 1678 cui
1189 1621 1233 1678 od
1246 1620 1420 1680 dexterum
1436 1621 1550 1680 udstut
1572 1622 1702 1699 Pullus,
1724 1627 1770 1687 ud

222 1721 320 1783 NEP.
334 1720 436 1782 RED.
464 1719 639 1802 Neptunus
652 1719 967 1799 pededenterocul·
1022 1719 1195 1778 sinistrum
1216 1719 1311 1781 Iuno.
1347 1717 1417 1777 ΑΕ.
1438 1721 1462 1782 1.
1498 1718 1653 1797 (Pedrusi
1681 1726 1765 1788 Mus.

223 1844 304 1884 cuns
316 1823 452 1903 globum
473 1823 503 1882 d.
520 1821 751 1895 ncrostoliunt,
776 1841 802 1881 s.
821 1820 964 1884 ltustunt.
1020 1817 1118 1881 Furn.
1142 1831 1171 1880 at
1196 1818 1418 1901 pulcherrime
1449 1818 1651 1925 delineatum
1682 1823 1766 1887 sistit

222 1924 294 1992 AV.
319 1924 388 1982 AR.
413 1921 622 2004 (Theopoli.)
1020 1918 1221 1998 Horellius.)

283 2024 347 2085 Hic
371 2044 503 2085 aversae
529 2036 622 2105 typus
645 2021 800 2105 deinceps
824 2041 965 2105 quoque,
1086 2019 1196 2083 Offert
1217 2019 1270 2082 hic
1286 2041 1403 2085 numus
1419 2022 1561 2087 frontem
1577 2024 1691 2109 templi
1707 2025 1766 2088 Cu·

223 2140 259 2190 ut
276 2139 310 2189 et
330 2126 363 2186 in
382 2125 488 2187 numis
505 2124 588 2200 Titi,
609 2122 762 2188 recurrit.
801 2124 963 2186 Nimirum
1021 2120 1184 2204 pitolinis
1202 2123 1412 2205 Vespasiano,
1430 2139 1599 2210 postquam
1615 2129 1647 2188 in
1663 2127 1765 2201 turbis

221 2227 448 2311 Vespasisnns'
462 2245 546 2288 anno
565 2227 756 2309 superiore,
787 2226 893 2290 isthoc
909 2227 964 2289 Ti·
1019 2220 1204 2291 Vitellianis
1223 2238 1346 2287 arserat
1363 2225 1534 2309 magnifice
1555 2229 1692 2308 relecti,
1712 2243 1767 2294 tut

221 2342 273 2392 tus
291 2350 331 2391 ex
348 2329 486 2391 Oriente
511 2328 629 2391 itinero
648 2328 809 2392 maritimo
825 2331 962 2392 Romam
1019 2325 1163 2388 veniisse
1182 2324 1399 2389 fundamentis
1418 2327 1458 2389 de
1477 2349 1562 2390 noro
1576 2329 1699 2406 edocti,
1713 2326 1765 2394 cui

223 2432 303 2497 salvi
320 2431 447 2494 reversi
460 2443 544 2505 sunt,
561 2430 646 2492 unde
661 2434 813 2515 Neptuno
828 2431 961 2497 nomine
1019 2426 1252 2524 substructioni
1268 2427 1386 2490 facturn
1402 2429 1528 2490 initium
1545 2431 1601 2492 xt.
1616 2430 1686 2496 Καὶ.
1705 2432 1764 2496 lul.

221 2536 352 2596 reducis
371 2532 515 2593 honores
532 2530 633 2594 habiti
650 2547 736 2597 suut.
1022 2528 1096 2589 unni
1117 2529 1310 2610 superioria,
1327 2532 1367 2592 L.
1378 2531 1516 2595 Vestino
1534 2531 1697 2614 equestris
1715 2552 1767 2609 or·
1862 2598 1863 2601 ¹

480 2679 499 2714 „
583 2631 602 2668 ⁹
686 2681 705 2716 „
1022 2629 1356 2711 ‹linisuVespssiano
1381 2630 1485 2693 adhuc
1512 2632 1647 2695 absente
1671 2633 1766 2716 operi

367 2737 413 2795 Vt
430 2734 481 2796 tir.
501 2735 546 2797 A.
1023 2727 1203 2810 praelecto.
1226 2731 1447 2792 caerimonias
1463 2744 1530 2792 tum
1545 2732 1713 2808 adhibitus,
1729 2755 1766 2796 nc

221 2833 362 2897 ROMA.
388 2831 632 2913 RESVRGES.
657 2832 691 2895 S.
711 2831 751 2895 C.
783 2832 967 2912 Imperator
1023 2828 1138 2910 populi
1153 2827 1294 2889 studium
1314 2829 1485 2911 eleganter
1500 2831 1656 2894 describit
1675 2832 1769 2895 Tuci·

221 2944 359 3017 rogetus
389 2950 484 2997 stans
504 2934 673 2996 mulierem
694 2934 967 3018 genuflectentern
1024 2940 1084 2989 tut.
1098 2921 1146 3008 l³),
1164 2927 1363 3010 Vespasiano
1375 2952 1457 2995 rere
1478 2932 1512 2992 in
1532 2952 1573 2995 eo
1596 2930 1768 3015 perficien-

220 3016 380 3111 sullevnt,
401 3035 593 3117 nlioflgurn
606 3035 834 3114 guleutucum
851 3034 965 3115 clypeo
1022 3028 1066 3091 ‹lo
1093 3029 1335 3093 contentionem
1360 3053 1425 3093 non
1447 3032 1546 3096 modo
1575 3032 1768 3117 comprobat

219 3150 309 3198 retro
323 3148 443 3200 stante.
466 3138 537 3199 ΑΕ.
557 3139 580 3197 l.
598 3137 698 3214 (llus.
718 3135 826 3215 Cres.)
1021 3130 1065 3208 id,
1086 3129 1173 3214 quod
1186 3145 1316 3192 narrant
1334 3132 1399 3196 Dio
1422 3135 1468 3214 c),
1485 3149 1518 3197 et
1528 3136 1702 3197 Suetonius
1718 3134 1765 3218 d),

217 3279 223 3286 -
284 3239 321 3298 ln
350 3238 457 3300 numis
491 3236 613 3299 Galbae
654 3237 792 3298 vidimus
824 3234 963 3299 ROMA.
1021 3231 1097 3297 eum
1112 3234 1220 3315 ipsum
1237 3232 1411 3297 ruderibus
1428 3237 1621 3300 amoliendis
1637 3259 1766 3302 manum

220 3340 465 3414 RENASCES,
488 3338 521 3399 in
540 3338 590 3399 his
605 3338 854 3411 RESVRGES,
872 3337 964 3397 nimi·
1020 3335 1222 3411 admovisse,
1250 3355 1287 3397 ac
1303 3358 1361 3399 suo
1383 3339 1472 3402 cello
1494 3339 1655 3424 quaedam
1677 3354 1769 3403 extu·

219 3464 292 3505 rum
309 3464 370 3525 pro
389 3439 669 3515 RESVRGENS,
694 3438 790 3502 utibi
812 3437 960 3500 diximus.
1021 3439 1100 3504 lisse
1125 3441 1320 3521 (quenqunm
1344 3459 1426 3512 nen,
1455 3454 1490 3499 nt
1512 3439 1611 3500 iidem
1636 3440 1767 3517 addunt,

219 3544 264 3603 Et
286 3564 366 3606 vero
381 3543 598 3624 Vespasianus
618 3543 755 3603 llontum
778 3551 884 3602 seluto
906 3560 964 3601 sua
1018 3545 1182 3624 primum,
1206 3560 1277 3600 nam
1301 3538 1448 3620 pluribus
1466 3552 1541 3601 ante
1563 3541 1632 3622 ejus
1649 3541 1769 3605 adven·

218 3660 439 3724 resurgentem
456 3645 568 3707 dicere
587 3643 709 3727 potuit,
731 3640 787 3724 qai
801 3661 873 3702 eam
888 3659 963 3702 cum
1021 3654 1090 3702 tum
1116 3639 1279 3703 mensibus
1306 3639 1370 3720 jan
1395 3653 1548 3721 coeptum
1572 3641 1766 3721 aedilicium,

218 3743 375 3807 aedificiis
396 3745 507 3821 noris,
530 3760 596 3806 tum
619 3742 754 3806 refectis
778 3742 962 3817 veteribus,
1021 3756 1058 3802 ut
1079 3740 1176 3803 docet
1199 3741 1330 3803 'l'scitus
1356 3743 1558 3822 synchronus
1580 3757 1613 3806 et
1634 3744 1768 3808 adcurs-

219 3867 301 3931 qnae
329 3866 391 3929 per
413 3848 617 3927 superiorum
647 3859 831 3929 temporum
858 3845 963 3927 negli·
1021 3847 1088 3922 tus)
1114 3843 1343 3905 verumetiam
1369 3843 1485 3905 collate
1505 3845 1545 3907 ad
1571 3845 1606 3906 id
1630 3868 1712 3929 opus
1730 3846 1790 3929 li··

217 3950 376 4032 gentiam,
392 3961 445 4010 ant
462 3950 695 4020 Neronianum,
712 3961 745 4009 et
762 3966 837 4008 mox
856 3946 960 4013 Vitel·
1021 3943 1184 4016 beralitos,
1204 3945 1264 4008 etsi
1279 3945 1404 4017 aliena3
1422 3966 1494 4006 nam
1508 3946 1587 4027 jussi
1603 3949 1698 4013 fuere
1715 3953 1766 4012 lu·

218 4051 339 4114 lienum
357 4050 664 4112 incendiumvitium
683 4048 813 4122 secere,
827 4046 961 4129 insigni·
1018 4044 1091 4107 tlsei
1110 4047 1320 4129 superstites,
1343 4046 1584 4125 didrachmum,
1607 4049 1696 4134 qnod
1711 4072 1765 4113 nu·

217 4167 269 4215 ter
287 4152 466 4215 exornavit.
504 4153 612 4235 Atque
637 4171 772 4212 aureum
791 4148 878 4211 istud
896 4150 961 4215 Ve-
1020 4159 1072 4208 tes
1091 4145 1125 4207 in
1146 4149 1259 4232 templi
1276 4148 1564 4230 Hierosolymitani
1585 4171 1661 4213 usus
1685 4172 1764 4234 pen.

219 4256 358 4346 spssiani
400 4268 528 4336 tempus
556 4252 691 4335 respicit
716 4251 867 4325 Tacitus,
906 4249 963 4311 nbi
1021 4247 1102 4310 tlere
1123 4251 1292 4331 quotannis
1306 4249 1483 4325 debebunt,
1500 4251 1569 4313 loti
1582 4252 1764 4335 Capitolino

219 4376 318 4436 egens
335 4355 375 4416 de
396 4356 539 4440 egregiis
556 4354 647 4416 urbis
664 4351 883 4415 monumentis
900 4353 964 4412 Ne·
1019 4349 1135 4434 largiri
1158 4354 1197 4431 ⁸).
1230 4349 1306 4444 Quo
1324 4353 1435 4414 edicto
1455 4373 1519 4414 non
1545 4355 1764 4434 aspernandus

216 4577 450 4724 ,ἐπῶν
468 4588 511 4637 ts.
586 4574 833 4648 b)unt...1vss
909 4569 1195 4646 0)L..va1§so.
1270 4571 1305 4643 t)
1326 4572 1435 4650 ceps
1511 4575 1679 4653 neseph
1695 4576 1771 4636 nen,

232 4687 248 4721 u
423 4673 483 4732 &6
1788 4689 1792 4695 Ι
