4012 5370
228 483 299 558 ιη,
835 461 1168 539 Avasrv-S.

219 645 330 725 piata,
355 649 388 700 et
405 637 558 720 palmato
583 636 698 697 tunica
716 636 830 698 donat.
858 637 969 697 Addit
1088 630 1271 697 insanies
1291 627 1402 705 louis,
1416 612 1464 691 ¹et
1488 630 1606 715 pictae
1627 626 1760 694 Serrano

224 743 332 806 verbis
360 741 534 813 bonorem,
571 756 674 816 neque
703 735 970 819 magnificentius
1390 735 1563 818 serentem

222 845 401 923 quidquam
423 839 590 920 triumpbo
608 840 697 920 apud
714 839 894 912 Romanos,
913 858 969 898 ne·
1088 836 1146 900 En
1163 834 1313 925 humeris
1331 836 1456 899 aulaeo
1477 850 1596 919 togae,
1619 819 1762 917 magabant

221 962 283 1022 que
302 941 597 1022 ‘triumphantibus
625 940 817 1018 ampliorem
847 958 884 999 eo
917 958 969 998 or·
1400 956 1465 1017 que
1480 956 1626 1000 coronas
1708 958 1723 1025 ζ

221 1056 304 1123 natu
326 1064 397 1103 esse
417 1057 480 1107 ete.
509 1043 637 1103 Horum
656 1039 750 1122 origo
765 1039 805 1101 ab
820 1036 967 1101 Etruscis
1093 1039 1236 1104 Tantum
1261 1038 1389 1116 orbem,
1422 1052 1548 1117 quanto
1572 1040 1688 1101 cervis
1706 1030 1762 1099 non

219 1142 306 1205 bnud
336 1142 434 1204 dubie
464 1141 613 1225 petendu.
650 1142 768 1203 Refert
791 1138 967 1220 Dionysius
1397 1140 1530 1227 sufficit
1549 1140 1650 1201 uilo?
1716 1148 1720 1153 '

219 1245 427 1309 Halicanum
450 1246 489 1323 ⁸).
525 1244 736 1327 Tarquinium
761 1242 909 1303 Priscum
932 1238 967 1298 in
1091 1240 1220 1325 Quippe
1241 1252 1332 1305 tenet
1351 1244 1477 1307 sutem
1494 1240 1585 1303 itane
1600 1240 1768 1322 publius,

221 1346 446 1411 observantiae
479 1344 606 1427 signnm
635 1343 675 1406 eb
702 1342 849 1405 Etruscis
875 1358 967 1403 ecce·
1399 1356 1434 1407 et
1450 1343 1520 1404 sibi
1537 1342 1660 1405 consul

219 1447 309 1532 pisse
331 1448 529 1531 principatus
552 1445 705 1529 insignia,
731 1443 847 1527 quibus
866 1460 965 1525 reges
1085 1440 1139 1510 Ne
1160 1443 1315 1531 placeat,
1347 1464 1449 1509 eurru
1476 1464 1594 1507 servm
1611 1428 1763 1527 'portatu

221 1570 297 1613 snos
319 1570 437 1612 ornare
459 1560 712 1624 consueverant,
739 1545 895 1610 videlicet
915 1564 967 1617 ss·
1396 1548 1520 1610 eodem.

221 1663 309 1730 φανον
325 1672 361 1710 τε
378 1670 503 1733 perosas
518 1674 566 1710 xus
581 1653 682 1729 Scotto
703 1646 965 1727 impartiremur
1086 1644 1145 1710 Da
1166 1667 1255 1711 ttttttc
1274 1658 1310 1710 ei
1329 1647 1515 1724 volucrem,
1539 1651 1672 1729 mpit'tt
1691 1660 1766 1727 quot

221 1768 367 1830 onqnsrer
379 1750 464 1813 rimor
476 1748 548 1835 ἕχον
562 1749 610 1811 s'ns
626 1754 835 1829 referbuisse,
849 1767 967 1832 χιτωνα
1392 1750 1504 1831 surgit
1519 1746 1649 1811 eburno
1659 1758 1729 1810 ete.

220 1874 256 1913 ss
282 1864 422 1932 noebueer
456 1868 665 1935 χρυσοσημον,
698 1874 747 1911 uus
780 1853 966 1929 περιβολαιον
1023 1838 1188 1912 Au'snntu's
1204 1846 1247 1912 de
1265 1869 1302 1915 se
1318 1848 1456 1913 oomnis
1470 1846 1522 1933 ¹¹)t

219 1965 363 2035 noqpuqer
387 1958 519 2014 nmxebor
542 1979 568 2017 κ.
596 1975 628 2018 s.
657 1957 688 2015 λ.
721 1972 877 2013 coronam
909 1971 969 2011 att·
1090 1953 1319 2028 retraherem,
1338 1954 1530 2035 pictamque
1549 1959 1682 2033 togam,
1702 1960 1767 2011 tm

222 2076 312 2116 ream
332 2068 365 2116 et
382 2058 499 2116 sellam
515 2056 707 2127 eburneam,
733 2064 766 2113 et
788 2054 968 2134 scipionem
1263 2042 1266 2049 ¹
1390 2054 1563 2136 praemia,
1585 2048 1704 2111 comui
1738 2100 1741 2105 .

221 2154 394 2215 habentem
417 2157 453 2213 in
475 2157 666 2215 summitate
686 2155 850 2230 aquilam,
880 2154 968 2215 tuni·
1088 2155 1265 2231 maeret,
1285 2156 1460 2239 fastisque
1488 2154 1574 2214 meis
1600 2148 1768 2235 praelatos

222 2272 295 2315 eam
310 2273 512 2335 purpuream
529 2274 610 2314 auro
628 2244 842 2329 distinctam,
868 2266 902 2315 et
920 2266 969 2315 to·
1395 2252 1547 2316 tenerer.

218 2374 297 2437 gem
333 2375 531 2436 purpuream
557 2358 695 2435 piatam.
732 2352 817 2419 Vide
852 2352 968 2417 similis
1021 2354 1174 2441 Denique
1189 2354 1231 2419 de
1247 2354 1395 2439 scipione
1411 2374 1488 2419 oum
1502 2350 1612 2440 equile
1627 2346 1767 2415 Pruden-

220 2453 307 2537 apud
325 2456 462 2518 Florum
486 2453 530 2535 ι’).
558 2454 660 2516 Addit
676 2454 764 2516 idem
781 2454 966 2537 Dionysius,
1024 2458 1089 2521 tius
1106 2461 1156 2539 ⁰)t

221 2558 434 2642 Tarquinium
451 2557 607 2619 continno
626 2558 660 2618 in
675 2559 787 2642 regiae
799 2558 968 2640 potestatis
1093 2562 1176 2624 Cum
1199 2548 1408 2623 consulatum
1433 2558 1555 2631 initis,
1588 2566 1630 2619 ut
1655 2568 1768 2619 serm

220 2658 350 2742 signnm
376 2658 427 2721 bis
458 2659 655 2720 ornamentis
683 2681 798 2737 usum,
830 2656 967 2721 subinde
1401 2646 1534 2735 soient,
1560 2662 1567 2672 ⁸
1621 2678 1625 2685 ·
1657 2733 1660 2739 Δ

222 2779 430 2825 successores
455 2780 571 2844 reges,
598 2774 695 2845 utque
718 2761 768 2823 his
790 2761 892 2845 pulsis
913 2782 969 2823 nn·
1093 2762 1197 2825 Pudet
1208 2764 1335 2848 soteri,
1347 2766 1450 2845 farre
1461 2758 1579 2840 pullos
1591 2756 1744 2841 pascitis,

221 2882 304 2925 nuos
328 2864 498 2938 consules,
526 2877 664 2947 excepta
687 2883 808 2926 corone
834 2875 868 2924 et
891 2874 968 2945 tage
1092 2863 1418 2942 Aquilaeaeburna
1428 2852 1769 2941 sumit'arropantiont

219 2964 320 3048 picta,
343 2964 460 3049 quibus
480 2978 608 3038 tamen,
631 2965 659 3025 si
675 2964 828 3028 decretus
845 2963 885 3025 iis
903 2963 966 3025 fuit
1092 2964 1267 3043 Gestator,
1289 2964 1360 3042 ejus
1383 2984 1423 3025 ae
1441 2960 1590 3043 superbit
1611 2958 1740 3021 belluae

219 3066 419 3148 triumphus,
440 3067 544 3127 ornati
559 3068 739 3133 incessere.
764 3070 889 3128 Temen
904 3063 964 3126 sub
1086 3065 1231 3149 Itfiutus
1245 3087 1335 3142 osse,
1357 3060 1540 3146 ouifiguro
1557 3072 1611 3139 est
1626 3058 1731 3121 alitis.
1759 3108 1767 3127 .

219 3165 483 3248 imperatoribus,
502 3166 561 3227 sub
579 3168 695 3249 quibus
707 3188 805 3230 nemo
822 3167 885 3249 jem
901 3166 967 3250 pri·
1023 3168 1075 3227 Ex
1100 3164 1215 3250 quibus
1239 3164 1325 3229 odeo
1346 3162 1542 3228 testimoniis
1565 3172 1672 3246 patet,
1699 3152 1770 3219 insi·

219 3278 311 3331 vetus
329 3266 552 3349 triumphavit,
578 3254 641 3331 nisi
657 3269 744 3353 quod
759 3268 967 3353 triumphalia
1024 3267 1098 3351 gnie
1132 3270 1212 3332 baec
1242 3266 1323 3329 clim
1347 3262 1624 3351 triumphantibus
1652 3256 1771 3323 numu

221 3381 410 3455 ornaments
436 3368 564 3430 virtutis
589 3388 670 3453 ergo
693 3368 825 3433 decreta
856 3371 963 3449 fuere,
1022 3368 1173 3448 decreta,
1196 3355 1317 3434 deinde
1339 3368 1380 3432 ed
1399 3368 1555 3432 consules
1573 3364 1674 3428 etism
1690 3358 1772 3425 ten·

220 3469 329 3533 omnia
351 3469 433 3533 benc
461 3469 598 3554 insignis
619 3470 807 3534 consulibus
833 3492 964 3558 qnoque
1022 3487 1104 3537 vcta.
1147 3472 1331 3557 Appianas,
1365 3491 1431 3557 qno
1463 3470 1542 3533 loco
1573 3462 1772 3551 triumphum

220 3570 378 3655 permissa
403 3570 564 3636 videntur.
594 3573 679 3636 Snnc
704 3572 867 3636 edanum
890 3594 967 3638 con·
1021 3574 1168 3637 Africani
1182 3575 1321 3637 senioris
1336 3570 1494 3636 describit
1514 3568 1561 3652 s),
1581 3569 1645 3646 sit,
1667 3564 1773 3631 triom-

221 3672 327 3733 sulem
349 3688 500 3755 spectare
525 3675 813 3741 videntur-versus
832 3678 967 3740 luvenn·
1021 3677 1176 3761 phantem
1198 3690 1328 3758 gestare
1348 3676 1458 3738 solere
1482 3692 1635 3751 σκηπτςοι
1654 3666 1691 3749 ἕξ
1709 3666 1774 3731 tte·

220 3774 277 3851 lie,
303 3775 331 3836 si
354 3795 468 3837 eornm
491 3797 637 3856 sensum,
663 3791 697 3841 et
718 3777 840 3843 veteris
862 3798 965 3863 grem·
1023 3782 1144 3857 putrer,
1163 3804 1212 3840 nas
1227 3776 1348 3859 babens,
1362 3776 1396 3857 sir
1409 3773 1456 3839 sire
1473 3772 1614 3858 Perpessi
1632 3762 1772 3859 ripaltae

222 3873 331 3939 mstici
350 3876 601 3965 explicationem
623 3900 760 3963 sequare
774 3881 824 3962 ε)ε
964 3912 969 3921 -
1023 3902 1103 3954 rexne
1122 3885 1289 3965 συμβολον,
1316 3883 1496 3963 scipionem
1512 3878 1716 3951 eburneum,
1740 3872 1773 3935 'et

289 3978 382 4061 Quid
401 3981 433 4040 si
454 3981 592 4041 vidisset
608 3996 795 4063 praetorem
818 3985 971 4049 curribus
1023 4004 1151 4044 ramam
1173 3983 1341 4059 laureum,
1365 3966 1459 4060 quem
1480 3999 1611 4062 semper
1634 3974 1774 4045 nonant

602 4082 686 4144 altis
1018 4104 1082 4167 pro
1101 4088 1263 4147 uictoriae
1285 4084 1432 4167 symbola
1452 4081 1588 4146 babent.
1618 4078 1664 4141 At
1680 4072 1770 4143 vitis·

285 4180 506 4275 Exstantem,
536 4194 570 4245 et
595 4185 702 4246 medio
728 4184 904 4250 sublimem
930 4189 968 4250 in
1022 4206 1094 4248 mus
1117 4205 1160 4248 ex
1183 4186 1305 4263 nemis,
1328 4185 1494 4266 Augustos
1517 4180 1620 4245 etism
1643 4178 1770 4263 impro-

594 4287 731 4368 pulvene
751 4285 842 4371 Circi
1023 4308 1119 4350 cessu
1139 4288 1310 4351 consulari·
1328 4300 1503 4368 utrumque
1528 4270 1775 4367 istnd'signs'tn'

1022 4378 1207 4473 praeferre.
1228 4390 1341 4482 Quare
1361 4386 1424 4450 nisi
1441 4384 1526 4449 alise
1544 4378 1663 4449 neusse
1682 4398 1771 4469 prss·
1801 4466 1804 4471 Ι

223 4518 1765 4549 ——----..............................-------

263 4587 293 4655 ¹¹)
313 4586 559 4668 L.111.pag.195.
651 4597 686 4671 b)
706 4598 737 4655 L.
751 4600 773 4655 1.
790 4617 815 4654 c.
827 4609 875 4664 5.,
945 4600 976 4669 e)
996 4596 1166 4661 SntKas.
1259 4596 1293 4671 d)
1312 4594 1576 4671 1d511.1V.n92.·
1658 4594 1771 4673 ὓπερ

225 4683 357 4753 siim·
373 4676 477 4781 Uim·
492 4681 525 4744 X·
545 4702 571 4744 v.
582 4690 644 4752 146.
738 4690 766 4759 i)
788 4686 824 4746 de
842 4686 906 4747 reb.
921 4686 1023 4747 Punic.
1041 4706 1066 4745 e.
1076 4690 1121 4751 65.
