4012 5370
800 380 1233 466 vassaststtvti
1719 411 1789 484 341

237 557 357 637 jus,ut
374 564 406 614 at
421 551 531 614 fratris
546 550 723 616 Domitiani
738 558 861 634 nuruis,
881 558 987 642 iisque
1044 579 1116 621 sum
1136 555 1227 621 iden
1257 559 1553 642 suctor'adiderit,
1586 583 1685 650 pam
1709 543 1785 632 sida

237 656 362 738 probae
380 650 499 729 notae,
525 655 595 736 ejus
614 654 721 737 imago
739 658 987 723 substructionis
1043 660 1077 722 in
1099 660 1205 723 numia
1223 658 1301 724 Titi.

239 756 419 840 reperitur.
463 755 569 818 Etiam
603 755 719 817 laisum
751 760 817 820 'I'iti
852 781 986 823 numum
1107 763 1340 825 Alexandrini
1356 758 1493 845 copiosi.

238 878 312 921 cum
333 859 398 921 hoc
415 869 493 939 typo
511 876 571 919 sao
592 858 668 922 ioco
686 857 843 925 dabimus.
951 905 957 917 -

600 1026 618 1062 ,
1107 987 1109 991 ‘
1190 978 1373 1045 Nomina
1402 1003 1452 1044 aa
1481 983 1624 1047 titali.

497 1069 517 1106 θ’
702 1072 723 1111 O

376 1161 463 1224 tna.
476 1160 770 1231 vassasavo.
786 1163 878 1230 tan.
895 1164 980 1231 rar.
1277 1147 1370 1210 Tito
1395 1147 1549 1211 Sabinus·

378 1264 415 1326 P.
437 1263 474 1326 P.
498 1263 536 1325 P.
559 1263 654 1327 COS.
675 1266 744 1329 1111.
779 1268 887 1348 Caput
910 1268 982 1328 lau·
1100 1265 1428 1330 Auctoresmoderni
1444 1264 1645 1348 Vespasiano
1661 1268 1793 1351 passim*

379 1376 515 1426 reatum.
1042 1367 1111 1432 Titi
1140 1388 1340 1451 praenomen
1372 1365 1554 1448 adponant,
1594 1389 1656 1451 qua
1693 1369 1781 1431 istud

237 1462 327 1527 lidP.
344 1465 381 1526 Τ.
397 1463 517 1528 CAES.
535 1465 714 1531 VESPAS.
727 1465 829 1534 AVG.
844 1466 882 1530 F.
897 1467 979 1528 rat.
1037 1471 1245 1546 anctoritate,
1271 1468 1415 1532 nondum
1438 1469 1513 1530 satis
1538 1469 1696 1552 comperi.
1725 1469 1783 1533 Ait

231 1566 270 1628 P.
282 1567 321 1627 11.
335 1564 429 1627 COS.
446 1567 484 1624 11.
508 1568 611 1645 Caput
628 1569 696 1627 Titi
705 1570 838 1632 nudum.
860 1566 932 1636 AV.
1038 1569 1228 1652 Ouuphrius
1252 1570 1427 1633 Panvinius
1455 1569 1488 1631 in
1516 1569 1582 1631 suis
1611 1571 1782 1633 Commen-

295 1664 503 1728 Describitur
523 1665 576 1729 isio
597 1688 713 1729 numus
730 1690 748 1730 a
765 1667 926 1731 Pedrusio
945 1670 979 1730 in
1036 1670 1125 1731 tariis
1153 1669 1187 1730 iu
1215 1670 1329 1731 Fastos
1362 1662 1550 1732 consulares
1586 1670 1627 1731 ad
1659 1693 1779 1735 anuum

234 1788 348 1831 museo
362 1767 560 1829 Faruesiano
577 1770 626 1850 ¹),
647 1782 714 1830 tum
730 1792 748 1832 a
763 1769 918 1833 Moreliio
933 1768 977 1852 b).
1034 1772 1077 1839 V.
1086 1770 1124 1834 0.
1138 1771 1216 1835 823:
1240 1772 1332 1832 illud
1345 1775 1627 1835 animadversione
1643 1775 1780 1854 dignam

233 1854 349 1954 Neque
373 1867 551 1951 epigraphe
579 1870 702 1933 anticas
730 1871 763 1931 in
791 1871 860 1934 ulio
884 1885 977 1934 certo
1034 1885 1101 1946 est,
1119 1874 1207 1952 quod
1223 1891 1265 1934 aa
1287 1871 1411 1946 Tacito,
1432 1873 1550 1948 Dione,
1576 1873 1780 1954 Tranquillo,

232 1969 425 2054 Vespasiani
444 1988 543 2046 numo
564 1970 720 2047 habetur,
744 1992 852 2057 neque
872 1972 976 2050 Titus,
1035 1993 1075 2033 ac
1103 1974 1252 2052 antiquis
1276 1974 1435 2054 lapideis,
1474 1983 1507 2033 et
1531 1977 1643 2035 aeneis
1665 1992 1780 2035 manu·

233 2087 404 2156 autequam
430 2072 596 2154 Augustus
624 2072 811 2150 diceretur,
845 2075 976 2139 nomine
1033 2077 1153 2137 mentis
1176 2074 1361 2149 observavi,
1393 2073 1632 2154 Vespasianum
1660 2077 1777 2154 ipsum,

233 2175 446 2255 imperatoris
475 2194 537 2254 pro
566 2174 777 2253 praenomina
805 2181 882 2238 usu's
914 2191 973 2239 est.
1032 2176 1102 2253 ejas
1115 2187 1244 2255 patrem
1260 2172 1436 2250 Sabinum,
1458 2194 1555 2234 avum
1573 2177 1776 2250 Petronium,

230 2277 304 2338 Non
333 2275 396 2337 alia
423 2292 461 2335 ra
494 2271 621 2336 facilius
648 2275 732 2337 mala
759 2276 848 2337 numi
878 2276 974 2355 iides,
1022 2281 1169 2360 fratrem
1182 2271 1590 2358 Sabinam,jtatrisfilios
1607 2274 1777 2353 Sabinum,

230 2397 325 2458 quarn
343 2376 606 2459 inscriptionibus
623 2375 803 2459 detegitur,
821 2399 898 2462 quas
916 2380 974 2441 im·
1031 2388 1064 2436 et
1083 2375 1294 2448 Clementem,
1309 2378 1388 2436 item
1393 2372 1492 2456 filios
1506 2393 1585 2436 suos
1602 2379 1779 2453 Vespasia·

229 2490 381 2559 pastores
400 2476 610 2560 imperitiam
625 2490 750 2540 temere
768 2478 904 2563 tingunt,
920 2494 974 2543 aut
1032 2484 1126 2551 num,
1146 2487 1180 2536 et
1205 2475 1439 2535 Domitianum
1462 2493 1573 2535 omnes
1596 2474 1663 2536 Titi
1680 2496 1777 2558 prae-

229 2582 254 2641 si
273 2601 335 2663 qua
355 2593 403 2640 est
420 2578 552 2641 alterius
570 2579 661 2653 anni,
683 2579 717 2639 in
731 2601 863 2641 numum
881 2603 972 2643 suum
1031 2595 1147 2637 nomen
1165 2574 1330 2635 lsalnisss.
1352 2572 1460 2634 Lubet
1479 2574 1606 2637 omissis
1628 2574 1776 2660 reliquis,

229 2672 401 2764 recipiunt.
426 2664 973 2746 [damnamusastinmaseocae
1031 2676 1086 2758 (Ῑῠῐ
1114 2671 1154 2736 td
1179 2692 1306 2735 cmm
1330 2691 1394 2733 ¹¹⁰⁰
1420 2674 1603 2752 Periiflessts
1640 2675 1674 2736 5¹¹
1706 2683 1788 2739 ¹¹⁰⁰*

230 2803 341 2859 sareu,
364 2795 396 2844 at
414 2782 602 2845 manifestae
622 2784 748 2856 νοθειας.
1032 2775 1231 2858 Vespasiano
1259 2772 1390 2834 morari.
1430 2771 1577 2834 Advocat
1599 2775 1773 2838 Pauvinius

1033 2875 1200 2949 Tacitum,
1216 2871 1373 2947 Dionem,
1390 2871 1631 2954 Tranquillum,
1653 2874 1713 2957 sed
1731 2876 1771 2939 ab

278 2966 300 2993 ¹·
354 2964 457 3029 Numi
477 2969 651 3027 commatis
667 2968 848 3048 peregrini.
1031 2979 1082 3038 hia
1115 2994 1181 3057 ego
1210 2974 1444 3056 Vespasianum
1479 2987 1667 3037 constanter
1702 2975 1772 3038 sine

293 3087 432 3146 Vrbium
451 3083 630 3146 liberarum
647 3084 736 3145 numi
751 3083 869 3146 Graeci
887 3084 972 3163 justo
1030 3076 1242 3163 praenomine
1261 3075 1419 3172 apppliari
1433 3075 1544 3141 video.
1567 3078 1618 3139 Ex
1635 3095 1772 3140 marmo-

228 3204 367 3253 nnmero
396 3199 568 3266 superant,
605 3183 691 3249 iuter
721 3205 801 3267 quos
829 3184 972 3267 insignes
1031 3182 1119 3245 ribus
1136 3179 1267 3243 unicum
1284 3178 1418 3240 recitat:

227 3302 310 3361 sunt,
328 3287 361 3346 in
375 3307 512 3370 quornm
524 3305 635 3349 aversa
647 3285 783 3368 legitur:
799 3280 969 3372 Etotz.
1181 3303 1185 3312 ’
1217 3278 1460 3346 victontsa
1485 3280 1587 3349 Avo.
1603 3367 1605 3373 y

224 3383 365 3450 NEOT.
392 3382 541 3449 IEPOT.
572 3386 681 3447 addito
708 3407 792 3448 anno
822 3386 968 3465 imperii,
1103 3414 1117 3422 -
1155 3414 1157 3417 ·
1222 3397 1224 3402 ·
1302 3380 1492 3447 SACRVM.

225 3503 364 3570 suntque
386 3486 460 3549 iare
483 3487 649 3569 argentei,
682 3500 716 3549 et
745 3485 874 3549 maximi
903 3505 969 3549 mo·
1140 3513 1144 3524 ·
1246 3480 1346 3544 PRO.
1369 3482 1548 3548 REDITV.
1586 3499 1590 3518 ·
1727 3568 1740 3574 μ

223 3590 309 3663 duli,
338 3587 396 3650 sed
416 3588 457 3650 de
477 3589 594 3672 quibus
614 3608 654 3650 ex
674 3588 821 3650 instituto
840 3586 965 3667 egimus
1163 3579 1250 3679 taff:
1271 3580 1393 3644 GAES.
1419 3582 1458 3645 Τ.
1481 3581 1625 3647 satvr.

220 3691 398 3754 Volumina
415 3692 470 3755 tv.
488 3689 606 3771 pand.
1142 3708 1150 3716 .
1200 3682 1470 3750 VESPASIANI.
1493 3680 1614 3743 AVG.·
1661 3698 1665 3718 ³
1718 3690 1721 3696 '

285 3794 499 3854 Colom'arum
517 3792 714 3875 perexiguus
733 3802 963 3860 estnumeros,
1083 3817 1084 3820 ¹
1238 3781 1368 3846 PONT.
1393 3783 1571 3844 11111111·
1670 3850 1671 3857 .
1707 3804 1709 3809 ·
1757 3803 1764 3835 s

219 3909 252 3956 et
275 3891 365 3976 quod
389 3893 506 3953 mirum
533 3893 699 3968 videatur,
730 3912 772 3955 ex
797 3902 884 3954 tanto
910 3908 964 3952 co·
1172 3885 1284 3946 attus.
1307 3882 1439 3948 PONT.
1463 3884 1639 3948 Cos-11.¹

221 3996 382 4056 laniatum
403 4013 541 4054 numero
565 3994 693 4055 urbium
713 4006 836 4054 tantum
855 3992 961 4053 Mace·
1314 4068 1316 4074 Α
1342 3987 1380 4050 P.
1403 3987 1441 4047 P.

220 4095 337 4158 douiae
368 4113 484 4156 numos
513 4095 636 4176 reperit
663 4093 874 4168 Vaiilantiua,
907 4111 963 4153 ne·
1159 4084 1380 4154 STATVAM.
1403 4085 1473 4148 ΕΧ.
1494 4083 1625 4145 natta.

221 4217 282 4279 que
312 4195 401 4280 quod
433 4195 549 4270 sciam,
588 4197 668 4259 alios
704 4193 860 4257 addidere
892 4192 964 4265 alii,
1144 4187 1283 4252 ORDO.
1306 4186 1429 4251 SPOL.
1453 4182 1642 4248 CONLOC.

223 4299 282 4361 atsi
300 4297 494 4360 Antiochiae
514 4296 654 4359 Pisidiae
671 4316 802 4356 numum
820 4315 895 4356 cum
915 4313 966 4356 ca·
1023 4288 1108 4351 lliud
1141 4289 1246 4372 ipsum
1275 4289 1392 4352 recitat
1421 4301 1553 4369 qaoque
1582 4283 1772 4356 Gruterus,
1860 4334 1866 4341 .

224 4399 288 4480 pita
312 4398 377 4459 Titi
405 4399 586 4480 imperante
610 4396 808 4480 Vespasiano
832 4414 965 4477 percus·
1023 4389 1081 4453 sed
1103 4410 1144 4453 ex
1167 4389 1284 4454 eodem
1307 4387 1463 4452 Pansinio
1479 4389 1526 4467 c),
1548 4403 1655 4469 neque
1675 4384 1774 4455 iliud'

221 4508 1761 4557 -.-‚.—.-¹,---,¹...-.-..-...--..-.---1—-·--—--——-·-——=··-===h

257 4606 286 4671 a)
306 4602 379 4660 tab.
391 4602 467 4661 Yiii.
486 4623 511 4661 n.
525 4615 547 4662 5.
623 4602 657 4671 b)
678 4604 707 4658 in
723 4601 846 4676 Vespas.
864 4597 922 4653 tab.
935 4596 969 4655 V.
986 4614 1013 4651 n.
1028 4608 1067 4665 19.
1143 4599 1330 4667 c)png.103·
1346 4603 1372 4652 7.
