4012 5370
241 493 289 561 50
787 473 860 545 tt.
893 464 1217 548 ANTONIVS.

240 664 336 708 mero
354 655 447 708 certe
466 643 663 722 nonestis,
681 663 779 730 quem
797 639 987 708 Alexandro

235 743 354 809 'tribuit
384 746 553 809 Triatanus
568 749 618 827 ⁸),
657 747 768 830 inique
798 745 986 830 ademptum

237 845 430 909 alexandro
453 848 566 931 Syriae
588 849 673 934 regi.
711 847 850 917 Veniam
872 846 984 911 damus

238 948 364 1023 veteri,
393 947 546 1034 bonoque
575 952 747 1028 Triatano,
777 963 810 1011 at
838 970 905 1012 non
932 970 985 1013 ae·

235 1070 303 1135 qne
336 1049 536 1133 spanhemio
570 1052 646 1137 ejus
683 1050 840 1136 judicium
869 1049 986 1136 adpro·

233 1150 324 1213 bauti
339 1151 381 1226 ¹²)-

545 1336 678 1402 ttumt

299 1459 367 1520 Ant
381 1451 464 1518 nulli
485 1455 548 1539 jam
563 1456 626 1518 hoo
641 1475 744 1533 anno,
769 1455 889 1541 qnippe
908 1471 985 1541 post

234 1559 382 1646 perditas
397 1578 476 1634 rea,
506 1557 623 1641 signati
645 1569 735 1633 sunt,
766 1573 907 1622 autnon
928 1580 984 1625 ex·

231 1675 321 1726 stant
341 1660 442 1738 certi,
461 1658 517 1743 qui
533 1659 608 1723 huic
625 1678 710 1722 anno
728 1657 918 1724 debeantur.

324 1847 431 1931 Numi
444 1846 630 1928 legionum,
647 1857 682 1906 et
696 1843 895 1913 cohortium.

291 1952 443 2051 Ampl⁰atn
463 1977 497 2027 et
521 1963 685 2026 illustrent
711 1978 861 2029 monetae
881 1966 981 2029 Anto·

230 2070 345 2133 nianae
362 2081 489 2153 partem
509 2066 710 2128 constituant
726 2066 833 2143 numi,
857 2069 913 2153 qai
933 2068 980 2133 10.

234 2173 385 2256 gionnm,
412 2166 679 2250 cohortiumque,
707 2186 784 2251 quas
803 2168 863 2231 snb
878 2170 978 2252 signis

230 2271 360 2346 habuit,
388 2269 520 2333 nomina
544 2268 699 2351 inscripta
719 2264 871 2331 offerunt
914 2273 979 2334 Eo·

230 2396 305 2439 rum
341 2386 378 2435 nt
414 2368 616 2434 incredibilis
653 2388 809 2431 numeras
847 2371 888 2433 ad
917 2393 978 2435 noa

229 2474 399 2559 pervenit,
433 2474 487 2537 ‘sic
525 2471 675 2556 legiones
705 2469 787 2533 aliae
815 2473 977 2552 rariores,

227 2577 312 2640 aliae
355 2574 562 2650 rarissimae,
599 2568 687 2634 aliae
732 2571 856 2635 unicae.
917 2575 978 2637 Est

226 2678 310 2742 ltaec
332 2678 443 2741 classis
465 2686 619 2760 argentea
640 2687 726 2748 tota,
770 2672 908 2758 demptis
930 2675 979 2737 bi·

226 2781 278 2843 nis
305 2780 424 2845 aureis.
459 2781 670 2862 Nequaquam
691 2774 849 2840 hocloco
869 2776 977 2840 omnia

227 2904 266 2946 ea
285 2903 475 2968 persequar,
500 2899 583 2965 quae
601 2876 642 2941 de
660 2876 846 2960 legionibus
858 2881 976 2944 Roma·

224 2985 277 3046 nia
304 3005 345 3047 ex
367 3003 542 3046 nnmornm
559 2979 708 3043 doctrina
724 2977 891 3065 disputari,
908 2979 975 3044 ani·

228 3085 454 3169 maslrertique
480 3099 634 3168 possunt,
663 3106 761 3170 quem
779 3104 842 3168 ego
858 3096 976 3147 tracta·

1043 641 1186 726 legionis
1217 639 1307 704 xtx.
1348 637 1401 701 At
1426 651 1524 726 typos
1549 642 1639 728 guod
1665 643 1789 725 attinet,

1043 745 1144 829 partis
1166 761 1301 828 aversae
1317 741 1449 827 aquila,
1480 743 1649 830 legionum
1677 760 1789 811 notum

1042 845 1185 930 insigne,
1218 844 1392 908 interduo
1416 845 1510 929 signa
1532 847 1705 926 militaria,
1735 868 1789 913 sn·

1040 949 1216 1034 plicatione
1245 942 1313 1011 noir
1339 959 1427 1031 eget.
1469 947 1568 1011 Hanc
1590 968 1724 1036 qaoque
1743 962 1789 1035 tp·

1041 1072 1119 1137 pnm
1135 1050 1218 1134 legit
1234 1049 1408 1116 Severus'
1397 1070 1432 1111 m
1453 1049 1520 1113 anis
1540 1048 1722 1147 legionum
1732 1068 1789 1117 nrt·

1040 1154 1117 1232 mis,
1157 1165 1227 1215 tnm
1258 1165 1293 1217 et
1322 1150 1457 1216 Clodius
1487 1154 1618 1230 Macer,
1657 1154 1784 1240 aliique.

1039 1256 1078 1316 ln
1101 1269 1194 1338 parte
1220 1253 1357 1319 adversa
1386 1253 1508 1318 eruditi
1528 1254 1639 1319 navim
1661 1269 1785 1340 praeto·

1038 1357 1121 1419 riam
1148 1377 1192 1419 er
1221 1355 1348 1420 elato'
1338 1378 1372 1417 ιιι
1405 1377 1505 1441 prora
1533 1356 1662 1423 vexillo
1691 1376 1785 1443 agno·

1041 1471 1149 1534 scunt,
1172 1458 1215 1522 de
1237 1479 1302 1543 quo
1322 1458 1400 1541 Iege
1422 1457 1644 1522 disserentem
1664 1460 1710 1523 el.
1728 1461 1784 1524 Pa·

1040 1561 1191 1625 eiaudnm
1207 1563 1249 1645 ο).
1293 1560 1374 1643 Ejus
1396 1561 1437 1622 in
1464 1560 1526 1624 hos
1554 1580 1676 1625 numos
1695 1582 1784 1628 voee-

1039 1677 1091 1727 tae
1120 1683 1215 1727 caasa
1244 1662 1352 1725 minus
1384 1674 1484 1728 corta.
1527 1661 1704 1727 Existimat
1727 1665 1783 1729 Ps-

1039 1763 1171 1827 ciaudus
1188 1763 1237 1845 d),
1273 1762 1451 1826 Antonium
1482 1761 1548 1826 hoe
1578 1777 1660 1849 typo
1693 1786 1784 1830 ttsttn

1039 1867 1072 1926 in
1098 1867 1291 1950 Cleopatrae
1315 1864 1469 1948 gratiam3
1499 1886 1574 1928 nam
1593 1878 1681 1931 teste
1697 1870 1783 1934 Plut-

1038 1969 1138 2033 archo
1163 1987 1265 2052 usque
1285 1966 1422 2039 adenis
1441 1966 1574 2029 mulieri
1597 1989 1675 2034 sese
1697 1969 1784 2034 atltli·

1037 2070 1100 2143 xit,
1134 2081 1187 2146 nt,
1218 2089 1293 2131 curn
1321 2067 1448 2134 valeret
1473 2067 1653 2152 plurimum
1680 2086 1783 2139 terre·

1037 2169 1157 2233 stribus
1184 2169 1306 2253 copiis,
1330 2169 1401 2252 ejus
1426 2169 1529 2254 gratia
1543 2169 1783 2241 rictoriamns·

1036 2272 1144 2337 valam
1182 2271 1441 2353 concupisceret.
1492 2272 1620 2338 Verum
1658 2277 1784 2342 Plutar-

1036 2373 1117 2437 chus
1137 2372 1223 2434 istud
1245 2387 1369 2436 tantum
1386 2371 1439 2437 ca
1458 2387 1630 2455 postremo
1650 2378 1783 2442 Antonii

1035 2474 1126 2538 bello
1157 2473 1339 2558 intelligit,
1378 2494 1443 2558 quo
1471 2476 1499 2538 is
1527 2475 1561 2538 ia
1579 2477 1782 2562 -Cleopstrae

1036 2576 1173 2662 gratiam
1197 2574 1338 2639 malebat
1358 2576 1456 2652 mari,
1483 2598 1585 2662 qnam
1605 2591 1700 2655 terra
1717 2580 1783 2645 sor·

1035 2692 1146 2743 tunam
1175 2677 1320 2762 experiri
1328 2698 1339 2757 3
1370 2691 1402 2740 at
1424 2677 1520 2755 enim,
1541 2677 1577 2740 id
1598 2700 1705 2766 genas
1726 2681 1781 2748 da.

1034 2781 1145 2844 narios
1168 2781 1271 2844 multo
1299 2780 1363 2862 jam
1394 2794 1468 2843 ante
1499 2780 1624 2864 signari
1645 2799 1780 2869 coeptos

1033 2882 1131 2945 facile
1168 2880 1273 2964 quivis
1308 2880 1370 2943 sibi
1387 2880 1622 2964 persuadebit.
1676 2887 1779 2972 Uagia

1032 3004 1109 3047 sane
1126 2982 1313 3047 verisimilis
1327 3002 1441 3045 eorum
1459 2997 1510 3045 est
1525 2984 1706 3065 sententia,
1724 2988 1779 3073 qni

1033 3087 1227 3169 opinantur,
1261 3084 1406 3148 voluisse
1439 3085 1620 3149 Antonium
1640 3101 1778 3175 utroque

225 3187 351 3248 tamin
375 3207 450 3248 eum
472 3185 582 3248 locum
605 3186 740 3266 rejicio,
768 3205 832 3269 quo
859 3206 975 3248 numos
1032 3200 1111 3271 typo
1129 3188 1258 3271 jactare
1282 3186 1370 3250 uires
1399 3208 1472 3249 suas
1499 3201 1566 3251 tarn
1584 3189 1777 3269 maritimas,

226 3287 394 3370 legionum
411 3287 543 3351 nomine
561 3288 706 3371 insignes
725 3299 850 3349 extoto
867 3305 973 3370 regno
1032 3309 1129 3372 quam
1157 3301 1343 3353 terrestres.
1374 3287 1488 3382 ¹Quod
1510 3310 1599 3357 vero
1627 3291 1776 3378 legiones

225 3388 409 3452 monetario
428 3403 542 3453 vetere
562 3390 721 3453 collectos
740 3387 914 3450 oboculoa
931 3387 972 3448 si·
1030 3411 1103 3452 anas
1125 3393 1231 3452 numia
1252 3390 1434 3473 inscripsit,
1451 3390 1554 3454 istntl
1577 3390 1779 3459 ridetur‘t'e⁴

227 3506 321 3558 atam.
363 3493 436 3555 Hoc
452 3491 528 3555 loco
547 3491 691 3555 recitatis
705 3489 853 3552 omnibus
872 3490 973 3552 Anto·
1031 3491 1131 3567 cisse,
1153 3505 1188 3555 nt
1207 3512 1319 3556 earum
1337 3505 1486 3576 captaret
1500 3491 1783 3575 benevolentiam,

222 3594 270 3657 nii
297 3593 403 3656 numia
423 3593 613 3678 legionariis
636 3591 765 3654 nonnisi
782 3609 898 3673 paucas
915 3609 972 3652 no·
1031 3593 1130 3675 Cujus
1169 3593 1301 3679 quidem
1339 3593 1374 3656 in
1413 3595 1535 3658 milites
1570 3615 1652 3661 auos
1683 3595 1776 3662 atlio·

166 3762 168 3767 ,
224 3711 273 3759 tas
298 3694 509 3779 adspergam,
536 3717 614 3780 quas
631 3693 673 3759 ad
689 3714 747 3759 eos
762 3692 971 3757 illustrandos
1029 3707 1100 3758 ctus
1128 3715 1204 3758 cnm
1232 3715 1332 3780 saepe
1362 3695 1439 3758 alias
1469 3696 1594 3762 uberes
1613 3699 1776 3765 tnlitItn·

225 3810 423 3881 opportunas
438 3796 577 3864 duxero.
1028 3809 1118 3875 ctns,
1151 3811 1221 3860 tum
1259 3796 1437 3883 praecipue
1470 3811 1546 3883 post
1573 3799 1710 3867 fatalem
1727 3798 1774 3867 ati

583 3895 604 3935 ⁴
1027 3899 1158 3963 Aetium
1187 3921 1340 3985 pugnam.
1389 3899 1523 3963 Eteltint
1551 3900 1643 3971 XIX.
1668 3903 1773 3990 legio·

363 3998 599 4067 ANT.AVG.
635 4000 767 4070 llIVIR.
801 4000 842 4066 R.
870 3999 907 4063 P.
931 3999 966 4064 C.
1025 4020 1103 4077 nes,
1135 4021 1218 4086 qnae
1239 4003 1388 4086 integrae
1409 4013 1479 4064 tam
1500 4002 1658 4071 inlitora
1680 4024 1774 4071 exest·

363 4101 661 4183 Navispmetorin.
1024 4100 1159 4181 habant,
1200 4104 1345 4168 Antonio
1376 4104 1473 4168 etiam
1503 4119 1688 4190 comperta
1691 4108 1774 4199 ejas

221 4204 323 4270 LEG.
343 4206 460 4268 addito
483 4223 633 4267 nuntero.
669 4202 802 4283 Aquila
813 4203 970 4285 legiona-
1025 4203 1102 4287 inge
1120 4218 1238 4269 tantam
1258 4205 1452 4292 praestitere
1467 4206 1591 4284 fidam,
1616 4221 1671 4287 nt,
1697 4228 1772 4275 ιιι

221 4311 275 4370 rie
293 4311 381 4370 inter
398 4309 463 4369 duo
478 4307 576 4386 signe
592 4305 767 4367 militaria.
1025 4307 1175 4372 alicunde
1212 4329 1287 4372 eum
1324 4307 1548 4392 appariturum
1584 4324 1772 4395 sperarent,

286 4410 370 4471 Sunt
394 4407 544 4492 argentei
571 4426 683 4469 omnes
710 4404 843 4489 dempto
868 4425 969 4471 nureo
1026 4406 1142 4472 diebus
1164 4411 1237 4480 Vll.
1259 4409 1710 4501 cohaererent,-missosgne
1723 4411 1769 4480 ad

258 4629 291 4698 a)
311 4626 473 4686 Commeat.
490 4626 558 4687 hist.
576 4627 609 4686 T.
625 4627 647 4689 l.
662 4629 744 4703 pao.
814 4627 849 4699 b>
870 4626 1125 4704 Tom.11.p.516.
1194 4629 1588 4726 c)Anirnndv3plail.p.23.
1659 4631 1694 4704 d)
1713 4630 1765 4689 le

219 4726 305 4793 pta.
1548 4748 1553 4757 ·
