3998 5340
766 460 1250 547 PRAEFATIO.
1720 432 1891 560 xxia

203 728 208 737 ¹
232 633 438 738 confusio,
463 633 507 718 in
532 662 612 748 qua
635 636 870 723 discernere
889 665 1036 723 verum
1059 639 1214 746 asalso,
1237 653 1399 725 certum
1424 641 1477 722 ab
1496 639 1666 753 incerto,
1687 645 1790 732 utile

230 804 254 857 a
276 772 497 885 damnoso,
523 775 603 861 nisi
620 775 751 858 multo
773 773 956 858 adhibito
978 775 1125 863 labore
1140 806 1225 880 non
1241 777 1392 889 possis,
1413 791 1461 863 ut
1486 779 1589 883 adeo
1614 782 1788 866 unicum

227 914 491 1026 praegrandis
518 910 652 1025 operis
677 911 872 996 meritum
895 913 975 997 sint
998 909 1199 1026 imagines
1227 941 1473 1023 numerum,
1508 945 1611 1026 quos
1633 917 1786 1026 Marel-

227 1052 305 1136 lius
330 1051 421 1164 ipse
443 1049 567 1156 vidit,
602 1077 751 1162 magna
776 1062 818 1133 et
842 1076 962 1156 cura,
1000 1062 1042 1134 et
1063 1049 1238 1134 veritate
1258 1077 1334 1161 pro
1363 1051 1450 1162 ejus
1473 1051 1551 1137 viri
1575 1080 1693 1141 more
1716 1054 1787 1138 de-

225 1189 419 1296 lineatae,
440 1215 677 1300 quanquam
698 1200 740 1272 et
755 1184 800 1270 in
815 1186 880 1269 his
898 1185 1091 1270 cautione
1113 1215 1216 1298 opus
1237 1187 1307 1294 sit,
1326 1216 1422 1270 nam
1443 1187 1664 1300 deperditis
1687 1220 1786 1276 casu

227 1326 377 1412 tabulis
399 1324 673 1430 Morellianis,
706 1352 813 1437 quae
839 1324 1054 1419 continent
1079 1351 1228 1422 numos
1255 1324 1344 1409 Titi
1372 1352 1521 1409 aureos
1547 1341 1784 1440 argenteos-

227 1490 329 1577 que,
356 1442 557 1576 jacturam
584 1462 790 1574 supplevit
813 1462 982 1570 Gorius,
1013 1488 1094 1574 qua
1113 1462 1303 1569 fortuna,
1331 1463 1593 1548 monebimus
1621 1464 1665 1548 in
1694 1466 1782 1580 ejus

165 1694 167 1700 ,
224 1601 398 1714 Augusti
421 1613 599 1710 moneta,
1768 1707 1769 1710 g

310 1743 446 1850 Atque
463 1739 541 1823 isto
562 1734 732 1852 quidem
753 1727 877 1823 modo
902 1735 1103 1822 hactenus
1126 1759 1224 1819 curn
1248 1733 1503 1820 nobilissima
1530 1728 1613 1821 hac
1637 1769 1780 1824 mone-

225 1889 292 1971 tae
311 1875 462 1991 veteris
481 1876 612 1960 classe
629 1887 771 1959 actum
786 1875 931 1982 fuisse,
951 1880 1073 1972 nemo
1096 1888 1178 1982 est,
1197 1871 1269 1987 qui
1286 1873 1467 1987 ignoret,
1488 1871 1540 1954 ad
1560 1901 1686 1987 quam
1705 1907 1781 1988 ego

224 2011 511 2125 explicandam
534 2042 632 2098 cum
655 1991 921 2121 accederem,
948 2011 1070 2097 facile
1093 2010 1300 2118 intellexi,
1315 2023 1377 2132 'ut
1398 2009 1524 2092 labor
1547 2012 1659 2096 utilis
1689 2041 1784 2098 eva·
1882 2051 1885 2058 ·

226 2151 362 2257 deret,
388 2149 493 2233 haec
513 2149 772 2263 potissimum
799 2180 889 2235 esse
914 2150 1159 2263 spectanda,
1189 2150 1277 2264 ejus
1297 2147 1543 2259 puritatem,
1572 2142 1781 2254 ordinem,

167 2288 169 2294 ’
223 2300 265 2372 et
287 2289 630 2392 commentarios,
669 2289 721 2370 de
743 2289 904 2401 quibus
920 2287 1113 2372 omnibus
1137 2283 1366 2401 generatim
1392 2314 1416 2369 a
1438 2311 1508 2376 me
1532 2298 1672 2377 actum
1696 2285 1782 2401 jam

222 2437 285 2509 est
303 2426 514 2511 volumine
530 2425 556 2509 l.
579 2427 623 2508 in
642 2426 896 2537 praefatione
912 2425 1227 2538 admuniversum
1244 2422 1324 2534 hoc
1343 2452 1469 2536 opus,
1493 2422 1642 2536 quibus
1667 2424 1779 2538 quod

222 2561 394 2670 addam,
433 2562 508 2648 vix
533 2561 680 2648 habeo.
723 2566 790 2664 ,Ac
826 2564 1051 2676 puritatem
1089 2559 1260 2676 quidem
1299 2587 1524 2647 numorum
1565 2557 1780 2648 constituit

221 2699 415 2805 scientia,
432 2711 505 2786 aut
522 2699 700 2813 prudeus
720 2698 942 2810 judicium,
964 2702 1037 2815 qui
1056 2701 1174 2787 numi
1194 2700 1369 2811 putandi
1385 2699 1575 2815 genuini,
1594 2699 1667 2813 qui
1684 2730 1780 2812 span

224 2835 295 2941 rii,
325 2863 400 2919 seu
416 2849 535 2920 vetus
554 2865 624 2919 eos
643 2837 776 2944 fraus,
807 2866 882 2920 seu
905 2837 1104 2922 moderna
1127 2837 1356 2946 parturivit
1385 2836 1599 2943 Diximus,
1624 2825 1779 2948 quanta

223 2972 267 3055 in
284 2971 364 3054 hac
387 2972 608 3084 praecipue
629 2985 823 3054 monetae
841 2974 992 3058 veteris
1017 2975 1146 3060 classe
1164 2968 1315 3053 mercis
1334 2969 1531 3056 alterutro
1551 2969 1632 3060 hoc
1652 2974 1783 3059 modo

222 3108 477 3194 adulteratae
505 3108 558 3193 sit
587 3106 764 3216 eluvies,
800 3136 908 3221 quae
930 3104 1103 3219 proinde
1126 3108 1205 3192 nisi
1232 3089 1463 3216 resecetur,
1494 3122 1567 3194 aut
1590 3107 1777 3221 adposito

219 3248 335 3362 signo
358 3244 654 3360 distinguatur,
685 3242 797 3358 quod
821 3240 1043 3358 praecipue
1064 3246 1118 3328 ob
1143 3274 1289 3328 causas
1312 3243 1496 3360 cognitas
1516 3247 1560 3331 in
1580 3247 1775 3331 subaera-

216 3387 267 3470 tis
288 3383 561 3470 omittendum
582 3397 769 3491 nonest,
804 3364 888 3467 nori
916 3381 1040 3467 modo
1070 3383 1216 3467 inutile
1245 3395 1306 3467 est
1333 3411 1555 3467 numerum
1584 3397 1776 3469 veterum

218 3525 403 3608 studium
422 3522 475 3605 ad
492 3519 729 3629 historiam,
752 3535 794 3604 et
813 3519 1123 3634 chronologiam
1146 3525 1446 3634 Augustorum,
1471 3520 1542 3604 sed
1561 3520 1683 3631 plane
1700 3551 1772 3632 pe-

216 3647 417 3744 stiferum,
443 3667 630 3770 Quonam
657 3685 780 3771 opera
803 3651 884 3740 hoc
907 3644 1097 3771 contagio
1116 3656 1292 3764 infecta,
1323 3670 1366 3742 et
1389 3670 1462 3741 aut
1481 3655 1669 3760 vitanda,
1699 3670 1771 3740 ant

218 3810 338 3882 caute
368 3794 621 3880 consulenda
647 3795 751 3903 sint,
785 3796 906 3880 altius
934 3795 1217 3880 indicavimus.
1266 3794 1312 3876 ln
1340 3808 1555 3911 praesente
1580 3792 1768 3878 instituto

216 3952 369 4020 nrunos'
387 3933 511 4048 hujus
537 3947 711 4019 naturae
735 3962 878 4016 omnes
891 3916 1179 4047 negligendos.
1198 3931 1320 4037 duxi,
1351 3926 1430 4013 nisi
1450 3958 1549 4014 cum
1569 3959 1639 4015 eos
1666 3931 1771 4014 reci-

216 4074 331 4158 tandi
347 4087 461 4157 certa
481 4069 612 4155 adluit
635 4099 783 4177 causa,
807 4069 1045 4184 placuitque
1065 4070 1197 4175 istud,
1218 4097 1303 4152 non
1321 4066 1445 4151 modo
1466 4079 1514 4151 nt
1535 4067 1769 4151 consulere-

219 4227 288 4296 tur
311 4209 506 4296 brevitati
529 4208 686 4323 operis,
713 4237 862 4294 verum
887 4207 1036 4315 etiam,
1062 4197 1351 4319 utaliquando
1376 4204 1456 4289 hae
1480 4205 1578 4288 artis
1604 4216 1769 4287 nostrae

220 4348 408 4434 vomicae
427 4348 649 4460 elegantias
669 4361 828 4432 nostras
845 4346 1063 4460 inquinare
1081 4344 1277 4428 desinant.
1307 4336 1474 4427 lnterim
1494 4342 1656 4426 noverit
1674 4352 1768 4426 eru·

221 4484 328 4575 ditus
346 4488 496 4596 lector,
521 4489 556 4572 si
574 4487 896 4603 quem‘numum
913 4483 1098 4591 rarioris,
1124 4480 1452 4598 insolentiorisve
1471 4478 1703 4592 argumenti
1723 4477 1766 4561 in

220 4623 282 4710 his
303 4623 407 4712 meis
425 4623 730 4714 commentariis
752 4622 976 4709 desiderari
993 4619 1216 4734 intelliget,
1233 4620 1316 4732 jam
1335 4618 1403 4701 vel
1419 4616 1513 4701 ideo
1534 4645 1558 4699 a
1580 4647 1648 4702 me
1667 4644 1766 4701 con-
