4012 5370
218 488 292 557 ιω
695 568 698 572 ¹
829 458 1161 537 vtuuuutvs

224 642 292 704 ium
312 641 385 704 AV
389 633 453 700 GV
456 634 480 699 S
486 634 533 697 TI
544 632 706 718 differret,
728 628 971 694 CAESARIS
1025 633 1212 717 maximus,
1239 629 1264 692 ii
1285 628 1406 714 signati
1422 647 1488 690 nott
1509 638 1585 691 ιιιιιι
1602 636 1678 689 ants
1694 622 1765 695 Π.

224 764 291 805 uon
309 747 468 819 reciperet
487 736 525 818 ⁸).
555 734 678 796 Similia
694 742 853 796 memorat
872 732 968 795 etiam
1025 730 1096 793 ttat.
1116 731 1219 815 Aug.,
1250 743 1287 793 ut
1307 730 1392 793 inira
1413 730 1448 792 in
1472 730 1578 792 numia
1602 727 1767 813 inscriptis

226 841 421 904 Plutarchus
435 836 481 921 1t).
503 837 651 900 Atesim
671 838 785 898 urbem
803 840 972 917 ingressus
1026 834 1159 897 PONT.
1177 834 1334 899 MAXIM.
1353 831 1552 916 probabitur.

224 957 360 1008 coaetus
390 954 441 1004 est
470 960 491 1000 a
516 938 640 1022 populo
669 939 713 998 ad
737 937 970 999 adsumendum
1091 936 1194 1019 Caput
1221 934 1257 995 in
1284 931 1432 997 omuibus
1458 932 1532 996 iera
1561 933 1635 1016 ejus
1663 930 1771 995 nanis

227 1048 305 1109 AV
307 1045 374 1107 GV
374 1042 398 1106 S
404 1043 451 1104 TI
465 1040 602 1102 titulum
619 1040 659 1119 ο).
689 1036 777 1131 Quin
795 1037 970 1100 inclinante
1028 1038 1210 1102 laureatum
1226 1047 1295 1114 est,
1315 1054 1453 1119 perraro
1470 1034 1605 1099 nudum.

226 1148 374 1219 fortuna,
407 1162 480 1206 cum
503 1140 542 1203 ab
565 1139 715 1201 hostibus
733 1138 875 1221 undique
899 1157 974 1217 pre·
1095 1143 1206 1202 Putris
1225 1140 1359 1220 patrica
1380 1134 1509 1199 titulum
1532 1136 1644 1199 nullus
1666 1146 1775 1201 certus

227 1261 392 1322 meretur,
422 1256 456 1306 st
479 1240 753 1306 CAESAREM
770 1262 806 1300 se
828 1242 898 1300 dici
921 1259 974 1299 vc·
1030 1239 1158 1307 Vitellii
1181 1259 1298 1301 numus
1321 1235 1429 1301 offert.
1458 1239 1570 1304 Vnum
1591 1236 1778 1315 senectui,

229 1350 297 1412 luit
322 1355 518 1426 aspernatus
541 1354 655 1415 antea,
683 1342 742 1401 sed
763 1351 843 1401 tuna
866 1360 976 1419 super·
1031 1341 1156 1404 formae
1181 1361 1255 1403 oum
1277 1339 1348 1422 ejus
1367 1340 1532 1406 mentione
1550 1340 1637 1405 sistit
1654 1338 1779 1403 Psdru·

228 1452 369 1511 stitione
395 1445 539 1506 nominis
561 1439 606 1523 d).
636 1442 688 1501 Ex
710 1439 759 1501 his
782 1439 975 1503 testimoniis
1032 1444 1117 1519 sius,
1143 1442 1202 1506 sed
1225 1442 1299 1526 qai,
1326 1455 1363 1505 ιιι
1383 1463 1425 1505 ex
1446 1443 1517 1526 ejas
1538 1442 1684 1527 imagine
1705 1460 1780 1505 eon-

199 1608 203 1614 .
230 1546 424 1630 explicatam
458 1543 614 1607 babemus
643 1542 803 1604 rationem
834 1541 976 1624 appella·
1032 1544 1134 1628 jicere
1156 1545 1253 1621 licet,
1275 1544 1352 1606 satis
1373 1544 1503 1628 integer
1523 1566 1591 1609 uon
1613 1543 1688 1609 suit.
1716 1540 1778 1604 lti-

229 1649 373 1725 tionum,
400 1666 481 1733 quae
502 1644 534 1704 in
551 1643 657 1705 numia
676 1658 730 1706 aut
746 1662 894 1726 semper,
921 1654 975 1703 aut
1031 1646 1131 1709 randa
1152 1645 1333 1729 Sclslegelii
1350 1648 1536 1724 oscitantia,
1559 1646 1616 1731 qai
1639 1644 1675 1707 itt
1693 1662 1781 1709 eom·

229 1753 356 1827 rarius,
377 1762 431 1812 aut
451 1765 613 1829 nunquam
632 1745 797 1826 leguntur.
827 1743 974 1806 Caesaris
1031 1747 1193 1809 mentario
1222 1744 1263 1808 sd
1288 1748 1495 1825 Mos-ellium,
1525 1748 1663 1833 ejusque
1689 1744 1780 1810 tabu·

229 1873 351 1916 nomen
375 1851 409 1912 in
433 1849 483 1910 his
507 1847 615 1923 abest,
645 1844 708 1909 etsi
728 1843 811 1906 illud
833 1843 974 1926 deniquo
1031 1849 1096 1910 lam
1123 1851 1148 1909 Ι.
1171 1847 1300 1915 Vitellii
1326 1871 1413 1914 num.
1433 1871 1466 1910 ιι
1491 1868 1610 1915 revera
1631 1848 1721 1913 bano
1739 1846 1777 1909 ti·
1840 1838 1848 1853 ’

229 1954 434 2027 admitteret,
468 1968 600 2024 aerum,
633 1958 671 2009 ιιι
697 1958 848 2029 apparet,
878 1943 975 2005 nimis
1031 1950 1135 2013 tulum
1157 1965 1335 2027 memorat,
1359 1952 1416 2037 qui
1434 1962 1544 2013 umen
1561 1948 1596 2011 in
1615 1948 1690 2033 ipso
1707 1948 1778 2011 Ho-

230 2074 320 2120 saro.
350 2050 491 2134 Legitur
514 2062 624 2111 tamen
648 2046 682 2109 in
705 2047 813 2110 cumis
836 2046 977 2109 Alexan·
1032 2052 1122 2115 rallii
1147 2064 1264 2136 ectypo
1293 2050 1402 2128 abest,
1433 2071 1577 2136 eamque
1606 2049 1779 2137 aliquoties

233 2154 353 2230 drinis,
385 2151 528 2214 nondum
555 2149 683 2213 scilicet
705 2160 876 2231 perspecta
906 2147 977 2228 ojus
1033 2151 1170 2216 subinde
1201 2152 1362 2230 obtrudit,
1392 2174 1422 2219 v.
1443 2172 1472 2217 c.
1494 2174 1527 2236 p.
1543 2152 1607 2233 ²³7
1632 2154 1695 2218 bia.
1737 2152 1782 2215 At

230 2257 415 2329 voluntate,
440 2253 512 2336 ipso
528 2271 609 2316 vero
627 2250 764 2316 Vitellio
783 2247 892 2330 paucis
911 2260 977 2308 tan·
1032 2272 1133 2331 varo,
1164 2254 1252 2338 quod
1276 2254 1340 2337 jam
1360 2252 1438 2317 alias
1458 2252 1616 2331 memini,
1646 2252 1681 2317 in
1709 2264 1780 2318 toto

231 2370 302 2421 tum
329 2355 445 2418 diebus
470 2352 504 2413 in
530 2354 680 2432 Aegypto
707 2350 817 2432 agnito
841 2350 979 2432 impers-
1035 2354 1098 2418 hoc
1126 2375 1229 2437 opero
1256 2355 1332 2439 ejas
1354 2362 1632 2421 commentatores
1657 2374 1722 2441 pro
1747 2352 1784 2417 li·

231 2471 317 2520 tore.
339 2455 440 2538 Atqui
458 2455 485 2515 si
506 2473 567 2537 per
586 2451 777 2516 modestiam
800 2451 981 2517 venerabili
1035 2453 1165 2533 bidine,
1190 2477 1269 2542 quas
1290 2455 1445 2522 volebant
1463 2456 1579 2541 eapitis
1600 2454 1782 2541 inscriptio·

232 2580 275 2623 eo
293 2557 424 2620 nomine
442 2555 609 2630 abstinuit,
627 2553 757 2615 unicum
775 2552 862 2616 istud
877 2553 981 2622 Vitel·
1035 2574 1095 2619 nes
1112 2577 1232 2642 magno
1249 2557 1327 2621 artis
1346 2570 1476 2621 nostras
1495 2557 1726 2635 incommodo,
1749 2567 1782 2621 st

232 2660 273 2722 lii
292 2659 429 2732 iactum,
454 2654 530 2718 dum
549 2655 582 2716 in
599 2654 731 2738 fastigio
750 2656 855 2733 stetit,
883 2653 979 2718 laude
1037 2657 1170 2720 amandi
1200 2658 1349 2742 periculo
1378 2678 1456 2723 oum
1481 2658 1634 2743 partibus
1662 2657 1783 2729 avortit

236 2760 372 2845 dignum
393 2755 499 2822 videri
523 2756 635 2838 possit.
665 2757 749 2819 Sana
770 2757 872 2841 magis
897 2756 983 2821 vitas
1042 2770 1306 2846 composuerunt.

238 2860 463 2945 congruebant
486 2859 617 2921 nomina
637 2857 770 2922 ultimas
794 2858 944 2920 infamiae
966 2881 984 2920 a

236 2963 347 3027 disace
366 2962 467 3043 vulgo
483 2959 600 3037 indita,
617 2965 777 3039 spintrias
795 2959 838 3023 ob
857 2960 984 3022 exerci-

234 3078 283 3127 tas
304 3084 376 3126 cum
398 3062 533 3124 TiBerio
559 3060 750 3142 incapacia
773 3060 925 3123 libidines
941 3059 982 3141 θ),

234 3164 435 3227 incendiarii
453 3160 494 3221 ob
510 3160 679 3222 incensum
695 3160 907 3243 Capitolium,
924 3184 983 3244 pa·
1183 3166 1228 3229 Vc
1246 3166 1302 3232 Iit,
1313 3166 1358 3232 K.

235 3266 357 3327 tinurii
379 3262 422 3323 ob
448 3260 672 3324 conviviorum
702 3260 876 3338 insaniam,
913 3275 980 3324 tum
1037 3264 1202 3331 BONOS.
1219 3268 1289 3330 ΕΤ.
1303 3266 1479 3336 vtttt'vtt.
1495 3264 1531 3333 8.
1543 3264 1583 3333 C.
1605 3266 1783 3336 Honoras·

237 3365 326 3451 quod
343 3362 479 3447 patinam
498 3375 702 3445 argenteam,
726 3382 786 3445 qua
803 3362 868 3424 cibi
885 3384 981 3446 quae-
1038 3370 1193 3431 minutius
1217 3378 1312 3430 stum
1338 3368 1370 3430 d.
1390 3367 1543 3444 hastam,
1577 3389 1606 3433 s.
1628 3384 1785 3429 cornuco-

237 3466 382 3533 sitissimi
402 3464 611 3547 parabantur,
638 3462 680 3526 ob
704 3462 894 3526 immensam
917 3487 982 3526 rna·
1034 3471 1130 3551 piae,
1146 3469 1248 3547 justa
1267 3482 1363 3532 stans
1381 3471 1501 3533 Virtus
1518 3466 1782 3553 capitagaleuis

239 3567 440 3652 gnitudincm
466 3567 617 3648 clypeum
642 3566 814 3628 Mineruae
839 3566 982 3648 appella·
1039 3570 1070 3632 d.
1091 3570 1328 3648 puruzouium,
1352 3593 1380 3635 s.
1403 3570 1557 3647 bustam,
1582 3580 1619 3631 et
1643 3570 1782 3633 dautem

239 3671 303 3744 tit,
330 3668 574 3752 dedicavitque,
602 3686 697 3750 φιιιιι
720 3667 824 3728 serius
846 3666 981 3730 Hadria·
1033 3671 1271 3752 pcdeguleam,
1284 3672 1656 3754 utvt'dstur,premtts.
1674 3668 1782 3737 Ed.

239 3792 301 3832 nus
317 3772 350 3830 in
367 3770 509 3831 saniores
525 3765 745 3830 ususconllari
759 3770 926 3853 praecepit
944 3767 979 3851 s).
1038 3774 1137 3853 (Mus
1154 3772 1265 3855 Caes.)

241 3869 325 3933 Ab
315 3883 424 3952 inepta
445 3868 543 3952 plebe
565 3867 703 3932 inditum
724 3869 757 3933 ei
780 3870 877 3935 etiam
901 3874 983 3935 Cou-
1101 3872 1354 3938 Eademsversa
1367 3870 1526 3939 obviabat
1540 3821 1793 3937 innumisGal·

241 3975 375 4035 eurdiue
392 3974 571 4050 nument).
1038 3973 1110 4037 bsa.
1153 3976 1205 4038 Ad
1235 3996 1351 4042 numos
1382 3971 1507 4039 similes
1538 3984 1701 4059 psovane
1732 3966 1786 4035 lo·

303 4075 355 4135 Ex
382 4073 449 4149 his,
479 4092 560 4155 quae
584 4068 739 4148 diximus,
768 4072 981 4137 indubitatum
1038 4076 1170 4154 bertus,
1205 4098 1281 4143 eum
1308 4078 1343 4141 iu
1371 4076 1456 4140 illud
1481 4094 1654 4147 ιιιιιοιιιιι,
1679 4090 1785 4160 genu

1225 3002 1381 3063 Partes
1411 3020 1604 3065 auersae.

243 4190 311 4252 cst,
334 4195 450 4237 numos
467 4173 609 4250 Vitellii,
631 4173 687 4255 qui
706 4176 857 4256 Augusti
871 4176 982 4259 appel·
1038 4178 1192 4263 inquirit,
1222 4178 1310 4264 quod
1334 4200 1432 4265 saepe
1451 4178 1487 4241 in
1507 4190 1644 4245 moneta
1666 4189 1784 4261 qutun

242 4279 363 4340 latione
381 4276 557 4349 abstinent,
582 4276 718 4358 reliquis
734 4290 882 4361 tempore
897 4279 985 4361 prio·
1040 4303 1059 4343 a
1079 4281 1158 4343 viris
1178 4280 1371 4346 militaribus
1391 4278 1558 4367 praeferri
1577 4302 1678 4345 ιιιιιιιι
1693 4276 1784 4347 vide·

240 4398 295 4441 res
323 4399 407 4443 esse.
445 4377 618 4463 inquibus
640 4378 668 4439 is
691 4372 985 4465 diciturporitifsu
1041 4403 1132 4459 mus,
1163 4383 1263 4449 stab
1293 4383 1482 4470 antiquariis
1510 4384 1615 4471 vulgo
1641 4400 1783 4469 pomo-

241 4517 1781 4551 m——W

279 4603 311 4670 a)
329 4603 423 4658 Tacit.
436 4602 552 4662 ilistll.
564 4608 609 4667 62.
661 4604 696 4679 b)
714 4606 747 4663 in
763 4606 860 4664 Galba
875 4629 905 4685 p.
916 4614 995 4674 1063.
1044 4612 1075 4685 c)
1093 4612 1187 4668 Tacit.
1200 4610 1323 4672 Histll.
1335 4624 1380 4687 90.
1429 4610 1786 4685 inhermibus

245 4690 275 4761 e)
294 4688 375 4747 Suet.
392 4710 418 4747 c.
429 4704 454 4754 3.
509 4692 536 4765 s)
556 4693 637 4751 Suet.
653 4714 678 4752 c.
689 4708 731 4761 ιδ.
750 4711 793 4761 tt.
812 4697 868 4755 Dio
882 4699 1009 4763 Luxu.
1024 4713 1050 4765 3.
1107 4704 1140 4781 g)
1159 4696 1333 4769 Suetus.
