3998 5340
735 459 1235 553 ,audecavo
1738 459 1771 518 'V

215 646 378 752 eruditi,
407 646 492 730 sive
512 672 610 728 cum
629 643 913 727 eorumnobis
930 653 1149 753 perpetuos
1169 640 1375 752 catalogos
1397 638 1659 747 instruerent,
1678 641 1764 725 sive

215 786 476 896 explicarent
492 776 758 895 argumenta,
787 778 875 861 sive
895 777 1046 889 probos
1066 760 1269 887 salsosque
1289 775 1541 890 distinguere
1560 776 1768 883 docerent,

218 950 323 1035 quae
353 920 521 1034 quidem
552 943 654 999 cura
681 914 728 996 in
751 912 874 1026 hujus
902 913 1026 997 studii
1053 912 1258 994 curriculo
1287 914 1558 1024 epraecipuis
1576 942 1660 997 una
1679 916 1767 998 fuit.

219 1057 422 1164 Etenirn,
439 1054 551 1164 quod
571 1051 659 1133 fieri
678 1050 912 1156 consuevit,
941 1059 1010 1156 ut,
1038 1048 1114 1129 uhi
1131 1046 1277 1130 avidus
1289 1060 1357 1132 'est
1377 1062 1557 1159 emptor,
1586 1051 1645 1130 ibi
1662 1052 1770 1131 mala

219 1194 320 1278 fides
339 1216 522 1272 mercem
549 1200 806 1298 conumpat,
834 1187 992 1269 sactum
1016 1173 1167 1297 magno
1188 1185 1287 1268 artis
1306 1200 1479 1269 'nostrae
1496 1186 1771 1295 incommodo,

221 1329 373 1441 ut‘ja'm
393 1354 417 1428 a
435 1312 577 1435 p'rimis
597 1325 685 1435 ejus
703 1321 964 1405 incunabulis
983 1322 1114 1432 turpis
1143 1335 1337 1432 quaestus
1357 1321 1409 1404 ad
1428 1313 1773 1435 'vitiandamgprae

214 1463 310 1546 aliis
330 1462 522 1547 omnihus
538 1463 820 1571 Augustorum
840 1472 1050 1542 monetam
1068 1486 1334 1587 omne4suum
1354 1459 1540 1543 studium
1558 1463 1773 1567 conferret,

223 1629 327 1712 quae
349 1600 464 1680 labes
483 1624 681 1680 successu
696 1597 892 1706 temporis
911 1595 1013 1678 adeo
1033 1595 1227 1704 invaluit,
1255 1608 1304 1680 ut
1322 1610 1513 1680 monetae
1531 1596 1654 1709 hujus
1673 1598 1774 1680 clas-

220 1736 273 1819 sis
293 1737 424 1818 falsae
443 1764 528 1817 non
545 1734 677 1816 multo
696 1734 832 1833 minor
850 1733 902 1816 sit
920 1759 1130 1838 numerus,
1150 1724 1282 1844 ,quam
1298 1735 1545 1844 primaevae,
1573 1749 1616 1819 et
1633 1721 1775 1847 genui-

218 1901 312 1977 nae,
335 1885 583 1983 tantumque
601 1872 687 1953 sere
705 1867 833 1968 studii
850 1868 1175 1981 impendendum
1194 1869 1259 1950 illi
1269 1870 1387 1979 parti,
1417 1898 1524 1983 quae
1544 1872 1775 1955 discernere

224 2018 445 2122 utramque
473 2005 615 2115 docet,
646 2016 848 2120 quantum
876 2007 955 2117 ipsi
972 2006 1189 2113 scientiae,
1218 2020 1261 2090 et
1288 2006 1500 2092 doctrinae
1519 2002 1573 2094 ex
1591 1995 1678 2124 ejus
1696 2004 1777 2093 usu

220 2145 518 2258 percipiendae.
549 2153 682 2256 Quam
711 2143 880 2258 quidem
899 2157 1150 2258 postremam
1168 2158 1329 2257 partem
1354 2145 1434 2231 hoc
1462 2148 1554 2233 loco
1572 2147 1776 2232 indicasse
1866 2196 1870 2203 ·

223 2285 320 2366 satis
340 2284 489 2397 fuerit,
518 2311 613 2364 nam
635 2280 768 2366 varios
796 2296 987 2365 monetae
1007 2281 1301 2366 adulterandae
1330 2284 1473 2367 modos
1494 2285 1593 2367 alibi
1613 2287 1777 2398 copiose

217 2448 367 2503 sumus
398 2420 609 2532 persecuti·
632 2409 677 2526 ⁸).
709 2417 792 2502 Sed
818 2419 1097 2502 necessarium
1125 2420 1292 2504 omnino
1313 2435 1396 2531 est,
1424 2422 1467 2504 in
1486 2421 1689 2532 judicium
1705 2453 1778 2508 vo·

223 2584 321 2639 care
349 2557 534 2670 cognitos
563 2555 763 2640 hactenus
792 2571 984 2642 monetae
1009 2562 1247 2670 Augusteae
1276 2558 1505 2670 catalogos,
1535 2576 1577 2644 et
1602 2562 1647 2643 in
1664 2559 1772 2643 han'c

220 2692 479 2776 eruditorum
499 2693 837 2798 commentarios,
853 2707 923 2801 ut,
944 2708 1145 2807 quantum
1165 2696 1226 2775 ab'
1238 2695 1286 2776 iis
1297 2692 1409 2800 veri,
1424 2696 1660 2809 sincerique
1680 2698 1777 2781 suh-

223 2828 315 2911 sidii
332 2829 460 2938 possit
477 2844 717 2937 exspectare
739 2826 981 2940 philologia,
1010 2829 1245 2940 planissime
1262 2823 1570 2939 intelligamuss

220 3026 225 3032 .
313 2963 477 3045 Primus
496 2961 574 3044 fuit
591 2960 884 3043 HVBERTVS.
906 2962 1190 3067 GOLTZIVS,
1220 2965 1291 3074 qui
1313 2965 1495 3074 primum
1519 2967 1564 3048 in
1589 2958 1672 3051 suis
1689 2971 1773 3053 Fa-
1857 3067 1859 3073 ἲ

224 3099 302 3178 stis
319 3101 645 3204 magistratuum
657 3109 701 3174 et
719 3091 1022 3202 triumphorum
1033 3092 1082 3174 R.
1104 3093 1307 3209 insignem
1318 3124 1540 3179 numerum
1551 3098 1775 3187 numorum

225 3234 315 3318 lulii
335 3229 533 3338 Caesaris,
553 3229 742 3344 Augusti,
762 3231 1030 3342 virorumque
1047 3232 1294 3347 principum,
1313 3238 1382 3350 qui
1402 3237 1466 3322 his
1485 3241 1626 3324 coaevi
1645 3243 1776 3353 suere,

227 3365 424 3477 vulgavit,
455 3362 602 3445 deinde
623 3363 668 3445 in
692 3361 912 3444 Thesauro
935 3368 1000 3443 roi
1018 3375 1288 3478 antiquariae
1299 3363 1537 3451 hudorrimo
1557 3373 1778 3485 imperato·-

227 3534 344 3609 rum,
377 3505 704 3614 Caesarumque,
734 3514 776 3584 et
802 3505 1083 3612 Augustanrm
1109 3503 1275 3610 titulos,
1304 3510 1494 3617 nomina,
1521 3528 1567 3597 ⁴et
1596 3518 1778 3624 epitheta

220 3672 251 3724 a
270 3640 371 3722 lulio
391 3642 567 3722 Caesare
594 3666 729 3750 usque
755 3638 807 3719 ad
825 3636 1061 3719 Heraclium
1080 3667 1133 3721 ex
1153 3641 1310 3745 numis,
1340 3656 1387 3727 ut
1411 3647 1568 3753 ajebat,
1598 3647 1777 3765 descrip-

207 3768 211 3777 ’
233 3779 292 3861 sit
323 3777 388 3859 Ab
408 3774 693 3858 examinandis
716 3773 781 3857 his
801 3774 890 3885 ejus
911 3773 1103 3884 operibus
1132 3806 1298 3890 possum
1317 3780 1429 3862 nunc
1449 3785 1540 3894 jure
1558 3786 1776 3898 abstinere,

232 3915 329 4026 quia
347 3911 457 3997 istud
478 3913 609 3994 multo
628 3910 887 4016 adcuratius,
918 3939 1042 4020 quam
1061 3910 1260 3997 hactenus
1281 3944 1304 3997 a
1324 3947 1574 4032 quocunque
1594 3924 1673 4007 alio
1693 3928 1778 4009 sac-

232 4064 344 4156 tum,
374 4078 396 4132 a
426 4078 496 4132 me
522 4047 621 4130 alibi
639 4048 885 4180 praestitum
896 4058 961 4176 est
986 4035 1047 4155 ¹³),
1077 4050 1192 4164 cuju's
1213 4082 1375 4137 summa
1394 4054 1497 4138 haec
1516 4073 1596 4142 est:
1627 4089 1776 4147 numos

234 4216 376 4271 omnes
399 4188 556 4267 abano
572 4185 653 4267 hoc
671 4184 760 4266 viro
780 4178 1058 4300 promulgatos
1079 4189 1369 4299 amputandos
1389 4222 1478 4277 esse
1496 4200 1704 4305 confictos,
1734 4216 1777 4287 et
1873 4298 1879 4306 ,

152 4436 155 4441 ¹
224 4349 355 4437 'saepe
372 4320 542 4436 quidem
560 4320 741 4428 erudite,
772 4333 845 4403 aut
861 4321 976 4404 vafre
993 4349 1042 4404 ac
1059 4324 1234 4408 subdole
1253 4326 1499 4440 descriptos,
1530 4345 1622 4442 aut,
1651 4336 1686 4418 si
1704 4335 1777 4449 qui

132 4468 139 4477 '
232 4460 377 4544 fraude
396 4486 537 4544 carere
562 4457 803 4564 videantur,
832 4459 977 4543 saltem
1006 4474 1216 4572 suspectos
1244 4463 1424 4569 tamdiu,
1454 4443 1585 4553 donec
1602 4471 1775 4556 aliorum

226 4595 1771 4626 ..m-...Q-

269 4630 299 4721 a)
319 4627 386 4709 dol
405 4650 428 4709 1.
448 4629 565 4725 Prolog.
585 4625 651 4722 gan,
672 4667 735 4725 cap.
752 4647 827 4706 XIX.
928 4647 962 4737 h)
983 4620 1049 4706 Vol.
1066 4651 1087 4708 1.
1108 4649 1224 4728 Prolog.
1243 4668 1309 4725 gon.
1328 4669 1358 4725 p.
1375 4649 1472 4711 cxii.
