3998 5340
143 458 147 465 ·
227 445 299 524 506
801 431 1180 509 HADRIANVS.

225 607 347 673 morari
363 600 680 692 merelarsequeus:
1027 624 1091 689 per
1117 603 1205 688 ipsos
1233 623 1408 669 uumorum
1443 615 1539 690 typos
1572 622 1678 690 saepo
1704 622 1782 669 uuus

370 712 416 775 Vt
428 710 481 771 tu.
493 711 540 772 A.
1027 705 1175 770 Hercule
1211 720 1433 791 comparatum
1468 703 1505 768 iu
1540 703 1606 771 boo
1641 718 1782 771 mmmm

223 815 262 881 P.
275 815 322 880 n.
341 814 411 878 Til.
427 812 465 877 Ρ.
481 810 576 877 COS.
593 812 648 874 lll.
681 811 843 894 Templum
865 814 970 896 ditty·
1026 808 1183 885 vidimus5
1212 831 1252 873 uu
1282 828 1364 874 sero
1391 805 1649 872 exslsutetium
1675 805 1779 884 numi.

223 920 312 995 lum,
327 921 420 979 intra
431 914 520 995 quad
535 914 693 977 Hercules
704 902 816 977 nudus
829 926 924 977 stans
935 917 968 981 d.
1026 911 1156 996 qualem
1185 930 1220 975 se
1256 908 1342 994 aput
1377 906 1564 994 praesidem
1601 906 1780 973 'l'busuun

218 1021 369 1094 clauom.
396 1037 492 1098 quam
515 1016 637 1078 mulier
656 1015 766 1078 altera
789 1017 926 1080 adstans
946 1038 968 1080 a
1025 1011 1145 1076 vidisse
1174 1012 1218 1075 ait
1240 1011 1447 1076 casaubonus
1482 1020 1532 1088 ⁸),
1562 1008 1776 1096 inscriptum:

212 1122 380 1194 ‘deuteria
398 1121 506 1181 altera
522 1138 543 1179 a
560 1119 709 1180 sinistris
725 1119 967 1183 naseinattare
1024 1109 1133 1178 ATT·
1167 1113 1209 1178 Κ.
1246 1110 1495 1178 ΑΛΡΙΑΝΟΟ.
1519 1109 1777 1179 CCBACTOC.

221 1223 388 1294 videntur,
408 1216 623 1302 t'stfrnfigura
634 1219 753 1281 senilis
765 1221 966 1288 decumbens.
1024 1211 1258 1279 HPAKAHC.
1269 1212 1503 1289 PnMAIOG,
1529 1214 1687 1301 elinque
1707 1216 1776 1300 ipss

222 1321 294 1388 AV.
315 1324 413 1395 (Mus.
431 1320 538 1393 Caes.)
1022 1317 1057 1377 in
1079 1318 1277 1380 ornamentis
1300 1315 1476 1380 Herculeis
1491 1329 1680 1401 spectatur,
1713 1320 1777 1381 sul·

263 1421 428 1483 Eximium
463 1420 558 1503 hujus
603 1418 694 1481 numi
729 1430 839 1504 typum
876 1420 968 1486 lubet
1025 1417 1068 1481 de
1085 1418 1209 1484 dubito.
1232 1419 1421 1484 Verisimile
1438 1431 1510 1497 est,
1531 1440 1668 1483 numum
1688 1419 1776 1486 buno

221 1524 389 1589 Ciceronis
406 1524 506 1608 ipsius
520 1521 804 1607 verbisexplieare
820 1523 969 1601 putam·
1026 1542 1097 1584 esse
1121 1520 1311 1598 Commodi,
1342 1520 1398 1605 qui
1416 1521 1579 1585 Hercules
1602 1522 1776 1587 Romans

106 1632 114 1643 '
219 1646 282 1707 que
301 1627 474 1689 Herculem
492 1627 682 1688 Prodias'um
700 1629 832 1703 dicunt,
864 1638 968 1689 utest
1025 1621 1130 1686 dictus
1161 1644 1258 1706 saepe
1289 1635 1339 1686 est
1366 1623 1400 1684 iu
1427 1622 1534 1685 uumis
1561 1637 1629 1686 tam
1656 1625 1776 1689 Rone-

221 1732 310 1812 apud
322 1728 681 1811 Xenophontem‚eum
693 1731 839 1808 primum
851 1729 968 1810 pubes·
1024 1725 1092 1800 nis,
1123 1746 1218 1810 quam
1239 1725 1393 1800 Graecis,
1429 1745 1626 1810 quamquam
1655 1746 1775 1791 revers

217 1845 324 1907 aeret,
346 1833 434 1910 quot
446 1843 572 1911 tempus
587 1849 607 1890 a
623 1841 746 1890 nutura
763 1833 809 1891 ad
821 1832 966 1913 tettgcn-
1025 1827 1059 1887 in
1082 1846 1194 1888 museo
1217 1826 1384 1911 'theupoli
1398 1825 1485 1889 inter
1506 1846 1626 1891 numos
1643 1828 1776 1892 maximi

217 1934 429 2012 dum,quam
447 1935 585 2011 quisquc
602 1933 693 1993 vs'am
708 1934 899 1995 invenuste
917 1935 967 1994 in·
1025 1929 1149 1990 moduli
1175 1950 1248 2012 pag.
1271 1931 1335 2011 778
1360 1929 1520 1992 recitetur
1544 1950 1695 2008 numus,
1741 1930 1774 1992 iu

214 2053 404 2116 pressurus,
419 2019 534 2095 datam
547 2044 616 2109 est,
635 2035 747 2095 exisse
763 2036 800 2095 iss
813 2036 968 2096 sntttudt-
1026 2052 1090 2117 quo
1108 2030 1262 2092 Hadriani
1280 2043 1376 2114 eaput
1395 2030 1501 2093 leonis
1524 2031 1618 2115 pelle
1638 2053 1774 2116 suuper*

218 2157 302 2211 nem,
320 2137 483 2214 assuesti
497 2137 662 2197 sedentem
676 2138 733 2197 diu
748 2158 867 2211 secum,
885 2138 969 2198 mul·
1024 2147 1093 2196 tum
1111 2133 1247 2207 dieitur,
1278 2130 1421 2194 simodo
1433 2132 1593 2216 genuinus
1615 2135 1646 2197 is
1660 2150 1773 2218 putu·

217 2248 352 2315 tuasque
375 2238 563 2314 dubitasse,
607 2257 681 2299 cum
713 2239 799 2299 duas
821 2250 968 2299 cerneret
1024 2233 1084 2297 dus
1109 2248 1171 2299 est.
1224 2231 1312 2325 Quid
1343 2233 1405 2295 sibi
1435 2234 1517 2299 velit
1551 2237 1772 2320 procumben

216 2339 309 2409 uias,
337 2356 438 2397 ustam
455 2340 665 2418 Voluptatis,
692 2340 833 2399 alteram
853 2341 968 2399 Virtu·
1023 2336 1055 2396 in
1079 2336 1144 2399 imo
1168 2337 1218 2402 vir
1246 2335 1376 2413 senilis,
1415 2335 1773 2424 mihi-iueompertun.

218 2438 273 2497 tis.
295 2434 379 2501 Vide
391 2435 431 2498 de
447 2436 601 2498 Prodieio
617 2437 967 2500 boullerauleiieuo·
1022 2437 1175 2502 Fluvium
1193 2437 1358 2515 dicerem,
1386 2437 1415 2500 si
1432 2452 1487 2501 aut
1502 2437 1700 2505 arundiuem
1717 2462 1772 2527 ge·

216 2536 373 2620 phoutem
389 2534 439 2619 b),
466 2537 680 2600 Themistium
697 2550 745 2614 ο),
770 2537 966 2633 Quinctiliu-
1022 2551 1139 2616 staret,
1169 2553 1223 2601 aut
1245 2562 1346 2604 urnae
1363 2560 1424 2624 pro
1447 2559 1541 2605 more
1557 2540 1771 2617 inniteretuet

216 2660 311 2715 num,
333 2639 510 2703 Maximum
528 2640 862 2726 Tyrium,aliosque,
882 2663 963 2727 qnos
1021 2641 1081 2703 sed
1108 2661 1215 2724 neque
1246 2656 1314 2706 tum
1348 2643 1418 2725 ejus
1445 2663 1575 2706 causatu
1603 2657 1768 2712 usnemu.

216 2744 537 2806 receusetl'atterus
557 2742 598 2806 ad
624 2744 802 2805 Clementis
824 2745 964 2806 Alexan·
1022 2743 1106 2810 vide
1132 2747 1251 2822 etiam,
1295 2767 1361 2830 quo
1387 2757 1482 2829 paeto
1504 2745 1673 2811 Lucienus
1696 2770 1769 2812 sau·

215 2843 503 2930 driuiPaedagog.
523 2847 561 2910 L.
581 2847 661 2909 ll.c.
682 2866 729 2911 ιο.
753 2846 860 2928 Atque
880 2847 963 2910 hane
1021 2845 1097 2908 dem
1123 2848 1277 2911 Herculis
1305 2844 1452 2910 Prodicii
1481 2845 1628 2912 tabulam
1659 2871 1771 2915 secun

214 2944 353 3010 subinde
370 2948 512 3010 fabulam
531 2948 702 3031 eleganter
719 2947 818 3009 Silius
834 2948 963 3010 Italicus
1020 2961 1122 3010 actam
1141 2964 1250 3012 narrat
1269 2947 1304 3025 ll.

214 3049 338 3110 seniori
355 3049 511 3111 Africano
526 3049 681 3133 applicuit
694 3045 744 3124 d),
774 3050 879 3111 serius
896 3070 966 3112 mo·
1164 3055 1210 3114 Vt
1226 3051 1279 3115 tit.
1295 3050 1324 3115 Ῑ.

214 3150 358 3213 ueterius
375 3163 490 3211 uoster
506 3150 705 3212 Hadrianum
720 3169 795 3211 eum
814 3153 961 3216 llereule
1018 3152 1269 3217 PATIENTIA.
1282 3152 1486 3221 Avasrt.
1504 3152 1672 3220 cimil.
1691 3154 1769 3219 tta·

214 3250 427 3314 contendeus.
460 3253 541 3313 Nam
560 3251 659 3314 uthic
678 3271 794 3315 everso
813 3276 830 3317 a
849 3255 962 3340 volup-
1018 3255 1082 3316 tter
1103 3257 1218 3318 sedens
1238 3257 1269 3318 d.
1287 3267 1462 3337 pateram,
1482 3278 1511 3320 s.
1529 3256 1677 3321 bustens-
1697 3255 1768 3318 All.

214 3367 279 3417 tate
304 3354 410 3418 animo
426 3368 589 3418 austerum
608 3355 693 3418 vitae
709 3376 811 3437 genus
828 3370 877 3418 est
894 3380 959 3419 am·
1016 3356 1153 3438 (Seguin
1169 3355 1237 3418 Sel.
1254 3376 1341 3421 num.
1355 3378 1388 3440 p.
1402 3359 1487 3439 ubo.)

214 3462 349 3544 plexus,
379 3473 413 3521 et
434 3458 552 3522 excisis
577 3458 701 3542 ingenti
731 3456 844 3520 labore
873 3481 962 3522 mon-
1063 3457 1248 3541 Suspicatus
1293 3459 1435 3543 primum
1474 3471 1526 3522 est
1560 3457 1767 3527 Vsillsutiss·

214 3564 289 3626 stris
311 3583 427 3646 paoem
448 3575 610 3624 terrarum
632 3559 705 3622 orbi
727 3561 887 3637 restituit,
919 3563 961 3626 ita
1017 3561 1052 3622 in
1074 3560 1137 3623 boc
1160 3560 1295 3645 Segusini
1323 3581 1422 3623 uumo
1449 3558 1646 3625 voeabula·
1668 3562 1767 3625 cns

215 3681 249 3729 et
268 3665 451 3730 Hadrianus
474 3661 666 3747 posthabitis
695 3664 855 3727 mollioris
876 3664 959 3727 sitae
1018 3664 1190 3724 MENTIA
1212 3685 1230 3725 u
1251 3662 1382 3726 falsario
1403 3663 1563 3727 continue
1592 3661 1629 3725 iu
1650 3663 1766 3726 enut-

213 3768 381 3831 illeoebris
407 3765 519 3831 moluit
540 3785 602 3849 per
625 3763 787 3847 insignem
811 3766 960 3829 laborum
1012 3766 1153 3826 ENTlA
1180 3766 1461 3842 transformatum,
1480 3763 1692 3847 munientur-s
1711 3784 1767 3829 ue·

214 3870 420 3934 tolerantiam
464 3887 642 3952 peragrare
689 3866 803 3930 orbem
841 3871 959 3933 Roma·
1019 3889 1176 3953 quaquam
1198 3868 1387 3946 temeraria,
1409 3867 1484 3953 quis
1501 3866 1657 3932 iustu-is
1680 3880 1768 3931 utra-

215 3995 311 4049 nam,
340 3985 436 4056 atque
462 3971 496 4033 in
525 3969 662 4054 singulis
691 3970 762 4051 ejus
783 3973 961 4055 provinciis
1019 3972 1067 4036 ris
1098 3969 1197 4034 modo
1226 3970 1389 4051 inscriptis
1418 3970 1507 4034 idem
1528 3984 1580 4035 est
1601 3984 1700 4057 typus
1724 3982 1765 4045 Ι).

131 4078 135 4089 ’
213 4076 365 4158 castigata
392 4073 578 4156 praesidum
617 4072 776 4148 auaritia.
812 4064 961 4155 judicetis
1018 4076 1062 4136 At
1083 4073 1203 4137 latetur
1228 4071 1419 4149 Mosellius,
1454 4071 1595 4137 subinde
1624 4074 1765 4139 sltem

214 4179 340 4255 litibus,
376 4176 489 4259 egenis
519 4174 693 4238 sublevatis
720 4174 960 4242 benelieentiae
1019 4177 1089 4261 ejus
1110 4176 1200 4238 numi
1220 4174 1387 4255 exemplar
1403 4174 1584 4243 Vsillautio
1600 4174 1766 4263 obtigisse

213 4302 290 4347 suae
331 4279 468 4364 vestigia
506 4278 706 4363 relinquere.
759 4275 960 4342 Hadrianum
1018 4294 1052 4344 et
1073 4278 1114 4343 sb
1135 4276 1198 4340 boc
1220 4296 1335 4340 museo
1354 4277 1450 4362 regio
1470 4276 1616 4353 illatam.
1643 4278 1681 4343 iu
1700 4298 1766 4365 (μ

214 4438 1759 4475 ...η’-*Μ

249 4534 279 4599 ι)
300 4532 344 4584 Du
359 4527 450 4584 offic.
471 4526 503 4583 L.
518 4525 539 4582 l.
556 4537 637 4586 c.52.
731 4523 765 4596 b)
787 4523 950 4580 blesnnrab.
967 4525 1077 4581 socrat
1091 4520 1125 4579 1«.
1142 4518 1177 4576 ll.
1277 4522 1308 4593 c)
1329 4517 1519 4577 Orsffllt.
1606 4520 1763 4593 d)Puuie.

214 4619 244 4676 l..
263 4619 428 4683 liblero.
541 4613 1021 4691 s)adSpartiauillsdr.cap.rs
1127 4608 1354 4680 OiuSumqu.
1462 4606 1763 4685 omousiani&-

213 4711 293 4786 guiu.
308 4729 337 4785 p.
352 4718 418 4771 tlt.
