4012 5370
238 461 284 528 52
810 440 860 512 Μ.
894 438 1212 544 Adron-tva

235 614 369 698 dempto
398 629 537 674 numere
567 607 664 673 fusile
687 621 744 673 est
770 629 814 673 ex
845 608 982 675 denarie
1037 609 1188 695 Appisno
1201 606 1401 674 orunms
1411 607 1547 675 biennio
1556 623 1791 698 postpugnsm

234 715 332 780 obvio
351 713 461 776 fucere
480 733 600 777 rurum.
1037 712 1286 797 Philippensem
1310 709 1370 774 sub
1386 711 1488 797 signis
1504 712 1620 777 hebuit
1636 712 1788 799 legiones

296 815 397 881 LEG.
421 815 520 886 XXV.
545 815 701 879 hactenus
719 815 776 876 uni
795 834 832 878 se
845 812 982 880 Goltzio
1037 815 1109 878 XL.
1135 814 1248 911 plures
1270 809 1321 896 b),
1362 834 1425 900 qus
1448 813 1567 881 fiducia
1590 817 1787 904 negabimus

228 916 378 982 indulsit.
1037 916 1181 979 Antonio
1210 915 1394 1009 legionum,
1422 937 1513 1002 ,quse
1542 920 1635 983 numi
1664 939 1795 1021 memo·

294 1018 395 1081 LEG.
413 1018 531 1086 XXVI.
558 1020 698 1087 Vnicum
723 1020 812 1082 hunc
828 1037 979 1094 numum,
1037 1031 1127 1095 runt,
1157 1019 1352 1089 numerum?
1383 1018 1545 1103 Legionis
1566 1022 1678 1101 XXX,
1708 1024 1783 1110 quin

223 1137 265 1186 ct
298 1120 422 1184 fraudis
463 1120 648 1202 suspicione
685 1120 825 1182 liberum
855 1121 978 1202 primus
1037 1133 1070 1183 et
1088 1121 1220 1188 XXXV.
1241 1120 1578 1205 meminit'Ciccsoin
1602 1126 1787 1195 veriiseuis

231 1224 375 1308 vulgarit
399 1221 548 1292 Iihellius
572 1242 613 1283 ex
641 1244 754 1286 museo
777 1223 856 1284 olim
878 1222 979 1287 comi·
1037 1222 1201 1306 epistolis,
1225 1236 1258 1286 ct
1277 1222 1482 1307 Philippicis,
1516 1245 1601 1309 quse
1618 1227 1780 1310 copiosius

230 1327 271 1387 tis
294 1323 434 1399 Ariosti,
467 1343 552 1386 nunc
573 1326 748 1390 Cucsoreo.
791 1324 977 1410 (supplem.
1037 1340 1185 1388 enarratu
1213 1323 1290 1387 vide
1314 1325 1400 1408 apud
1421 1326 1620 1390 Pscisndum
1637 1331 1680 1408 {X
1708 1328 1785 1424 Quo

228 1427 270 1491 ed
286 1425 384 1492 Vaitl.
403 1446 434 1505 p.
448 1425 495 1505 b.)
1029 1441 1186 1511 tempore
1212 1426 1253 1489 ud
1279 1429 1410 1491 Actium
1426 1429 1588 1511 pugnavit
1606 1432 1784 1508 Antonius,

292 1526 392 1590 LEG.
410 1525 542 1592 XXVII.
566 1525 671 1607 Hujus
688 1525 771 1590 {ides
792 1529 866 1592 solo
887 1531 977 1593 testi·
1034 1542 1119 1592 teste
1133 1529 1310 1592 Plutarcho
1327 1529 1360 1590 in
1374 1530 1471 1592 litore
1488 1545 1614 1597 stetere
1628 1533 1782 1619 legiones

225 1631 339 1695 monio
362 1627 500 1703 Goltzii,
534 1641 568 1689 et
596 1631 637 1691 cl.
657 1630 815 1694 Beeursis
843 1631 975 1710 nititur,
1034 1630 1137 1705 XIX,
1172 1629 1213 1691 ⁴irs
1245 1631 1380 1695 naribus
1410 1632 1526 1716 viginti
1556 1634 1663 1698 suillis
1695 1634 1781 1719 pedi-

229 1735 285 1818 qui
308 1733 390 1794 hunc
414 1730 581 1812 legionem
605 1745 733 1794 exstare
754 1731 893 1809 adserit,
915 1734 976 1797 sed
1034 1746 1112 1808 tum,
1130 1730 1195 1793 duo
1213 1733 1465 1815 sagittariorum.
1487 1734 1584 1800 Adde
1600 1737 1783 1809 exercitum

228 1858 294 1907 non
312 1832 460 1897 indicatis
473 1831 607 1897 stativis.
631 1830 779 1917 (Abroigsi
798 1856 830 1917 p.
843 1834 911 1916 33..)
1035 1834 1223 1896 Africanum
1244 1834 1369 1916 Scorpo
1389 1837 1617 1915 commissum,
1641 1854 1675 1903 et
1694 1860 1782 1922 spun-

291 1936 392 2000 LEG.
424 1936 572 2001 XXVIII.
610 1947 644 1997 et
682 1934 796 2028 XXIX.
832 1935 977 1999 nondum
1037 1957 1071 1996 se
1100 1956 1162 2017 per
1188 1948 1237 1997 tot
1262 1934 1446 2018 prouincias
1470 1938 1653 2020 praesidis,
1684 1955 1782 2026 utque

224 2058 415 2112 emersere,
437 2037 560 2098 nisiex
578 2034 857 2102 Goltziiofficins.
1036 2050 1104 2099 tum
1132 2035 1215 2098 sude
1245 2037 1388 2099 Antonio
1416 2037 1572 2122 legiones
1599 2042 1704 2110 XXX.
1727 2063 1782 2109 ne·

292 2139 508 2204 LEG.XXX
531 2158 646 2199 numus
662 2136 820 2221 insignis,
843 2152 877 2202 et
898 2138 976 2204 fidei
1035 2158 1124 2220 gere.
1164 2140 1302 2200 Tantum
1328 2126 1369 2201 sid
1396 2141 1609 2222 explicandos
1630 2143 1696 2207 hos
1718 2145 1783 2209 An·

223 2241 444 2316 indubitatae,
485 2239 541 2324 qni
576 2238 685 2301 multis
724 2238 788 2318 jum
816 2241 907 2302 snnis
941 2244 975 2304 in
1027 2240 1115 2302 tonii
1137 2237 1289 2302 denarios
1314 2241 1389 2303 setis
1415 2256 1502 2319 esto,
1535 2264 1610 2306 nem
1633 2247 1784 2311 elisseo-

229 2364 343 2406 museo
365 2340 587 2404 eomhriosti
609 2338 817 2418 servabatur,
838 2343 974 2405 nuncin
1029 2363 1107 2403 rum
1137 2340 1259 2404 redibit
1289 2343 1430 2418 mentio,
1469 2364 1536 2428 quo
1565 2345 1642 2410 loco
1676 2362 1784 2415 tutum

229 2449 425 2509 Caesareum
448 2438 630 2505 translatus.
669 2441 782 2503 Serius
805 2443 917 2506 similis
939 2446 973 2507 in
1033 2462 1207 2507 rumorum
1224 2444 1480 2529 legionariorum
1497 2448 1782 2530 agmeninuuu'm

226 2567 340 2609 museo
364 2544 492 2608 comitis
515 2543 666 2607 Iloncalli
689 2558 843 2627 repertus
859 2545 973 2618 invitu-
1032 2562 1159 2627 cogam.

224 2649 274 2712 vit
297 2649 340 2712 cI.
360 2647 573 2722 Paciaudum,
596 2659 631 2708 ut
652 2646 837 2729 elegantem
852 2647 972 2711 disser-
1296 2678 1314 2714 s
1400 2633 1419 2666 ⁴⁵
1503 2676 1524 2714 s
1760 2734 1763 2739 ἢ

225 2752 381 2815 tutionem
413 2749 654 2823 conscriberet,
686 2768 781 2830 quum
805 2752 971 2814 Animrd·
1170 2749 1271 2814 ANT.
1303 2750 1406 2840 ΔΥΕ.
1437 2752 1571 2818 tttvm.
1603 2754 1646 2821 R.
1673 2756 1713 2824 P.
1743 2759 1779 2827 C.

225 2858 391 2918 versiones
408 2853 633 2935 philologicos
652 2849 828 2935 inscripsit.
862 2851 973 2916 Alium
1173 2851 1281 2915 Nauis
1291 2857 1478 2935 praetoria.

224 2958 302 3019 citat
329 2975 477 3017 museum
501 2951 722 3034 Lefroyenum
745 2976 842 3036 supra
866 2953 974 3018 leudu-
1033 2950 1660 3025 CHORTIVM.PRAETOR1IRVM.
1673 2962 1781 3042 Aqui.

225 3074 305 3121 turn.
328 3054 587 3140 Ignoraritbsec
604 3057 645 3117 cl.
660 3055 828 3131 Beeuvois,
845 3057 900 3139 qui
918 3056 973 3120 ‹le-
1031 3055 1067 3116 lu
1095 3056 1284 3136 legionario
1305 3058 1432 3119 'monili
1452 3071 1576 3120 oruata
1596 3063 1690 3124 iuter
1714 3064 1779 3129 dus

103 3165 106 3172 '
225 3159 352 3220 narium
370 3157 509 3219 similem
525 3169 676 3239 tanquam
695 3157 825 3218 unicum
843 3172 972 3222 exstare
1030 3159 1129 3238 tigna
1151 3155 1330 3220 militarie.
1361 3157 1432 3225 AV.
1463 3157 1630 3240 (Pellerin
1649 3163 1779 3230 Hohl.

225 3259 259 3319 in
271 3257 387 3320 museo
403 3259 600 3337 Enneryano
615 3257 806 3323 sdlirmuvit.
831 3260 869 3339 (t.
881 3263 927 3340 c.)
1030 3279 1062 3339 p.
1077 3257 1164 3339 ros.)
1187 3258 1257 3320 AR.
1281 3259 1369 3342 (Mus
1383 3262 1494 3344 Caes.)

195 3426 200 3431 ,
288 3360 358 3421 Har
381 3358 512 3441 legione
534 3359 633 3422 XXX.
655 3360 819 3442 posterior
838 3361 900 3423 aliu
918 3381 968 3424 re·
1089 3361 1141 3423 De
1158 3358 1295 3423 cohorte
1310 3362 1471 3444 praetoris
1485 3362 1569 3433 hsec
1580 3365 1702 3451 Pomp.
1716 3368 1778 3433 Fe·

224 3477 317 3546 perte
344 3459 487 3525 nondum
515 3473 574 3523 est.
603 3462 712 3545 Atque
736 3482 777 3525 ex
795 3461 969 3546 irrefrags·
1026 3478 1093 3527 stus
1110 3459 1151 3545 d).
1172 3465 1346 3524 Praetoria
1364 3465 1481 3526 cohors
1498 3478 1549 3528 est
1562 3469 1671 3544 dicta,
1691 3472 1780 3550 quod

222 3564 283 3626 bili
306 3563 370 3627 hoc
394 3584 568 3626 rumorum
586 3564 773 3627 testimonio
792 3564 967 3641 docemur,
1025 3585 1046 3626 a
1062 3576 1218 3649 praetore
1234 3582 1301 3625 non
1322 3565 1521 3631 discedebat.
1551 3550 1667 3651 Scipio
1689 3576 1775 3636 enim

223 3665 367 3729 Antonio
397 3664 512 3727 saltem
542 3678 591 3729 tot
621 3665 771 3751 legiones
799 3666 965 3749 paruisse,
1029 3667 1361 3750 Africanusprimus
1367 3669 1600 3750 fortissimum
1618 3690 1775 3755 quemque

223 3768 312 3852 quod
334 3765 369 3827 hi
392 3765 519 3831 denarii
541 3767 739 3851 praedicant.
776 3768 901 3864 Quibus
922 3770 969 3830 ni·
1026 3769 1159 3848 delegit,
1177 3768 1235 3844 qui
1244 3767 1286 3827 ab
1295 3786 1332 3828 eo
1342 3766 1472 3830 inbelle
1487 3791 1553 3833 non
1568 3774 1774 3839 discederent

222 3871 290 3933 mio
321 3879 432 3932 suctus
453 3868 507 3933 hic
528 3890 684 3932 numerus
705 3871 792 3936 visus
822 3884 890 3948 est,
922 3871 970 3933 ni·
1026 3882 1088 3934 etc.
1119 3866 1212 3930 Idem
1229 3866 1409 3933 institutum
1428 3870 1551 3954 plucuit
1569 3872 1774 3959 imperatori·

222 3976 272 4037 xis
296 3973 500 4058 potissimum
524 3971 640 4038 Dionis
664 3973 829 4053 oratione,
858 3975 969 4058 Augu·
1025 3971 1103 4050 bus,
1133 3971 1189 4056 qui
1210 3989 1412 4037 successere.
1452 3975 1476 4036 I.
1496 3973 1616 4039 Cscsur
1638 3991 1770 4045 auctore

223 4078 264 4139 sti
287 4089 392 4141 aetate
422 4075 563 4161 quinque
584 4088 707 4139 tentum
728 4089 762 4139 et
782 4068 899 4161 iiginti
921 4076 969 4140 le·
1026 4075 1133 4138 Dione
1149 4075 1179 4156 θ)
1206 4072 1366 4137 decimum
1393 4074 1561 4159 legionem
1599 4079 1770 4145 cohortem

223 4181 339 4262 giones
368 4179 553 4243 constitisse
587 4176 785 4242 adfirmantis
809 4180 856 4259 ¹),
888 4178 967 4243 alio·
1023 4175 1222 4260 praetorium
1244 4175 1306 4238 ribi
1322 4175 1464 4259 delegit,
1492 4177 1583 4263 quod
1601 4183 1771 4248 ceulirmst

220 4304 295 4345 rum
320 4262 505 4346 {estimonio
526 4294 696 4345 auctorum
721 4294 854 4344 autnon
879 4280 969 4345 vide·
1027 4281 1098 4364 ipse
1115 4280 1237 4343 Caesar
1255 4278 1291 4340 in
1313 4277 1379 4342 suis
1395 4278 1666 4361 Commentariis,
1699 4303 1769 4348 suo·

221 4398 310 4460 runt,
341 4398 395 4448 eut
423 4383 623 4470 negligenda
647 4382 820 4448 duxerunt.
866 4386 966 4448 Teste
1025 4403 1097 4445 rum
1109 4381 1267 4466 ignavium
1280 4379 1480 4445 militumhis
1493 4383 1606 4450 verbis
1616 4386 1768 4469 perstriu·
1810 4422 1814 4427 ·

1164 4554 1180 4563 μ

261 4593 292 4662 a)
313 4593 512 4674 stupu.
633 4593 667 4666 s)
688 4593 759 4652 nen.
779 4592 926 4653 civ.1..v.
944 4605 1025 4657 055.
1112 4576 1177 4662 'n
1197 4589 1217 4647 1.
1234 4609 1259 4646 ο.
1273 4603 1345 4647 sen.
1360 4601 1385 4654 5.
1508 4588 1761 4663 emeruerant

222 4686 252 4754 ρ)
272 4681 303 4736 L.
317 4678 475 4746 nttvut.
491 4688 514 4758 s.
525 4696 568 4748 rr.
