4012 5370
230 440 301 515 5„
822 426 1185 499 atauutattvs.

291 598 476 663 Procedant
493 610 528 661 et
548 614 715 658 marmora.
1029 594 1100 676 ejus
1122 612 1195 657 ease
1215 595 1431 673 auctoritatis,
1461 614 1543 680 quae
1572 600 1671 663 lotam
1687 600 1708 665 d
1726 620 1778 663 me

230 756 234 763 .
290 707 326 764 ln
342 702 460 765 horum
478 699 589 773 nullo,
612 696 703 776 cujus
719 695 909 759 anctoritate
926 696 972 756 ni·
1028 696 1139 779 lagana
1162 696 1265 779 possit
1290 695 1488 783 iufringere,
1516 712 1573 763 ant
1599 720 1676 764 cum
1703 700 1778 767 illu·

226 809 251 869 ti
268 804 369 891 possit
394 800 529 864 historia
553 797 686 873 critica,
714 796 897 862 Hadrianus
924 796 972 858 di·
1028 796 1148 861 atribus
1175 800 1393 863 monumentis
1417 820 1437 863 a
1461 820 1514 865 me
1536 802 1691 887 proxima
1712 802 1779 869 lau·

225 908 311 973 citur
339 908 377 970 P.
400 905 438 967 P.
467 915 542 967 ante
574 899 651 965 trib.
676 913 870 984 potestatem
897 898 967 964 xtl.
1026 898 1107 963 datis
1125 900 1296 984 componi3
1323 913 1421 986 atque
1441 902 1539 966 etiam
1562 918 1599 967 ut
1613 904 1703 969 istud
1722 902 1778 973 dc·

225 1011 306 1092 Ejus
321 1028 416 1071 consa
432 1004 539 1071 videri
555 1015 663 1087 potest
682 1002 810 1086 insigne
828 1020 973 1065 marmor
1029 1023 1116 1079 mus,
1146 1002 1219 1086 quia
1245 1002 1325 1079 erit,
1362 1002 1419 1087 qui
1444 1002 1611 1088 spondere
1642 1005 1775 1083 audeat,

225 1112 367 1199 positum
389 1109 423 1170 in
445 1104 972 1189 Tlt.1³.11.,qao‹lratiqaava-
1027 1102 1150 1167 additas
1183 1102 1410 1187 epigrammati
1437 1118 1531 1169 notas
1565 1092 1801 1195 chronologi-¹

225 1230 298 1277 tara
327 1214 455 1274 abolito
474 1211 558 1271 dicit
583 1212 623 1288 ⁸).
672 1208 830 1270 Columna
855 1206 971 1268 millia·
1027 1226 1081 1269 aas
1106 1205 1289 1268 ritelniase
1313 1207 1774 1293 exceptas,aicutpro'1'll.

224 1317 272 1379 ria
294 1314 396 1399 posita
414 1312 448 1372 in
470 1308 586 1373 eadem
599 1307 677 1372 trib.
694 1320 855 1392 potestate
875 1309 915 1371 ll.
935 1305 970 1388 ¹¹)
1027 1309 1064 1370 P.
1083 1308 1154 1373 Vll.
1177 1327 1245 1369 non
1259 1308 1367 1391 potius
1388 1306 1568 1393 legendum
1588 1312 1631 1375 ait
1650 1314 1722 1375 ΤΒ.
1739 1316 1774 1377 P.

224 1415 326 1479 Aliud
344 1414 472 1477 illustre
495 1411 621 1476 Τ11.Ρ.
641 1410 698 1487 V0,
724 1409 760 1471 in
775 1429 841 1496 quo
856 1410 970 1494 legun·
1027 1410 1097 1473 xt1.
1119 1423 1153 1472 et
1167 1407 1263 1475 008.
1281 1410 1337 1473 111.
1361 1429 1423 1493 pro
1451 1410 1626 1477 cos,11.?
1648 1414 1718 1477 Sed
1733 1416 1773 1479 da

224 1514 427 1579 contermini
444 1513 607 1597 pomoerii
623 1512 766 1575 restituti
788 1513 830 1594 ο).
868 1512 968 1575 atiud
1027 1511 1126 1572 simili
1150 1511 1358 1595 vulgatorum
1386 1531 1587 1577 marmorum
1609 1518 1801 1600 perversi·-

225 1628 473 1681 mnnumantnm
511 1613 679 1699 publicum
712 1616 785 1679 ΤΒ.
826 1616 864 1676 Ρ.
893 1616 969 1691 Vb,
1027 1626 1093 1675 tate
1114 1611 1189 1676 ride
1216 1632 1302 1697 qnae
1324 1612 1428 1677 multo
1450 1614 1545 1700 plura
1571 1617 1717 1684 monebo
1738 1620 1770 1681 in

225 1720 258 1782 in
283 1738 348 1803 quo
372 1716 555 1782 Hadrianus
580 1716 699 1781 dicitur
721 1716 806 1780 riam
838 1716 970 1779 Suessa·
1027 1726 1165 1778 tractatu
1199 1712 1241 1778 de
1277 1714 1448 1782 tribunicia
1484 1730 1659 1803 potestate.
1710 1722 1773 1786 lla·

225 1821 276 1885 nis
298 1818 515 1903 municipibus
543 1839 601 1883 sua
619 1818 761 1903 pecunia
789 1818 908 1882 secisse
924 1818 968 1898 d).
1026 1836 1185 1899 quoquam
1209 1814 1395 1896 dissimulo,
1435 1820 1559 1903 opponi
1590 1842 1689 1905 possa
1718 1842 1773 1885 nu-

224 1924 369 2007 Elegans
412 1920 521 1985 tabula
564 1940 747 1985 marmorea
795 1920 967 1985 cardinalis
1026 1938 1131 1992 mum,
1180 1917 1236 2001 qui
1268 1920 1457 2002 propositae
1489 1922 1629 2005 regulae
1670 1922 1771 1989 dicam

224 2023 379 2109 Carpinei
413 2044 489 2089 eum
524 2024 596 2090 ΤΗ.
630 2025 670 2090 Ρ.
693 2024 734 2084 X.
759 2025 789 2106 e)
843 2021 969 2087 Tabula
1025 2018 1190 2104 impingit,
1222 2020 1477 2086 aBoonarrotio
1498 2022 1625 2087 editum
1640 2022 1691 2107 ¹¹),
1716 2028 1770 2111 qui

224 2146 423 2201 marmorea,
460 2126 495 2187 in
520 2146 582 2211 qna
612 2124 795 2187 Hadrianus
831 2126 902 2188 ΤΒ.
928 2125 965 2183 Ρ.
1024 2120 1327 2185 talisesseferturs
1345 2124 1766 2193 HADR1ANVS.AVGV·

222 2230 279 2292 xl.
302 2227 496 2311 perhibetur
528 2228 686 2310 templum
723 2227 805 2289 deae
837 2226 966 2306 Cuprae
1026 2222 1110 2289 S'l'V
1113 2224 1146 2283 8.
1188 2225 1295 2305 Caput
1318 2224 1521 2291 laureatum.
1556 2220 1592 2291 Ξ.
1612 2226 1709 2291 008.
1732 2228 1769 2291 ΙΙ.

223 2328 406 2391 restituisse
428 2331 466 2407 s).
490 2329 670 2392 Praetereo
685 2327 872 2409 complures
887 2324 967 2408 lapi·
1023 2325 1060 2385 P.
1078 2326 1114 2387 P.
1145 2324 1265 2407 Cybele
1284 2326 1459 2407 quadrigis
1474 2325 1609 2391 leonum
1628 2332 1768 2395 invectu.

223 2426 282 2490 des
301 2428 384 2491 alios
413 2427 610 2502 concordem
639 2448 713 2489 nam
744 2426 875 2488 nonnisi
898 2446 966 2488 mo·
1023 2424 1106 2488 Satis
1134 2439 1206 2488 osto
1236 2422 1515 2505 animadvertere,
1552 2428 1682 2493 nullum
1715 2450 1770 2493 nn·

223 2530 386 2590 numantia
398 2528 536 2611 publicis
551 2528 641 2591 lubet
656 2528 847 2592 sententiam
859 2544 966 2589 meam
1023 2546 1112 2588 mum
1143 2528 1329 2590 consulatus
1352 2526 1392 2591 11.
1418 2526 1576 2595 hactenus
1604 2534 1767 2617 cognitum

222 2630 380 2694 stabilire.
1024 2626 1147 2692 offerre
1165 2642 1376 2693 memoratam
1399 2627 1483 2695 hanc
1505 2631 1622 2715 capitis
1645 2634 1766 2719 epigra-

286 2734 330 2795 Aa
358 2750 439 2795 vero
468 2742 676 2794 monumenta
706 2730 854 2809 demum,
882 2750 966 2814 quae
1024 2730 1130 2813 phen,
1151 2744 1206 2795 out
1228 2730 1325 2795 etiam
1344 2744 1440 2815 caput
1455 2734 1553 2815 quale
1569 2734 1696 2819 pictura
1711 2756 1763 2799 ex·

224 2835 299 2898 trib.
319 2845 513 2918 potestatem
529 2833 600 2899 llll.
624 2847 822 2907 memorant,
848 2831 965 2907 omnia,
1023 2830 1128 2907 hibet,
1158 2831 1235 2894 loco
1259 2845 1444 2916 protomus,
1475 2854 1573 2918 quam
1594 2836 1661 2901 boc
1684 2856 1765 2901 anno

223 2935 313 3020 quod
326 2933 448 3009 norim,
472 2933 673 2997 Hadrianum
688 2948 818 3016 putrem
832 2937 968 3015 patrios
1022 2932 1123 2996 fuisse
1136 2932 1170 2994 in
1187 2956 1259 3011 usu,
1279 2934 1313 3009 in
1329 2935 1575 3018 prolegomenis
1595 2936 1762 3003 adnotatos

222 3037 390 3121 appellare
403 3034 571 3117 incipiunt,
592 3038 682 3119 cnjus
698 3056 792 3098 causa
811 3034 913 3098 citare
928 3032 968 3094 li·
1021 3037 1208 3101 consulatus
1233 3036 1288 3100 ΙΙΙ.
1326 3034 1446 3100 affatim
1468 3036 1615 3121 probavi.
1657 3036 1763 3133 Quare

222 3151 295 3201 ccat
312 3157 409 3198 unam
425 3135 566 3198 tabulam
583 3157 729 3208 aeneam,
744 3150 782 3198 nt
795 3136 893 3217 ajunt,
908 3134 968 3199 bo·
1022 3135 1056 3198 in
1082 3148 1254 3219 praesente
1275 3158 1376 3201 numo
1400 3150 1455 3202 ant
1473 3138 1655 3223 legendum
1675 3138 1762 3205 008.

222 3252 334 3302 nestas
350 3235 512 3299 missionis
526 3238 572 3317 11),
601 3251 635 3299 et
654 3240 858 3301 continuatur
871 3235 966 3300 aedu·
1024 3241 1099 3315 lll.,
1115 3251 1170 3301 aut
1182 3238 1210 3299 is
1224 3237 1417 3301 adulterinis
1429 3240 1671 3319 accensendus,
1691 3260 1762 3327 quo·

222 3342 257 3403 lo
273 3340 326 3402 hic
339 3338 452 3401 titulus
468 3358 528 3422 per
541 3337 687 3424 reliquos
704 3339 893 3415 tribunatus,
913 3358 968 3401 cu·
1024 3360 1097 3403 rum
1114 3338 1253 3402 artiliccs
1265 3338 1435 3403 subtiliora
1448 3340 1531 3405 haec
1547 3340 1682 3408 criteria
1696 3360 1760 3427 per·

221 3443 273 3525 jus
300 3440 450 3524 exempla
471 3438 624 3522 prolerre
643 3460 711 3502 non
734 3441 866 3516 attinet,
888 3461 968 3524 quo·
1025 3454 1136 3523 specta
1155 3459 1221 3504 non
1237 3439 1394 3504 habuere.

222 3544 310 3605 niam
332 3541 396 3605 hoc
421 3543 497 3605 loco
518 3543 623 3605 aulum
647 3542 771 3626 agitur,
800 3561 865 3627 qun
880 3561 966 3605 auno
1088 3540 1155 3605 Sed
1200 3554 1426 3627 argumentum
1473 3562 1517 3605 ex
1565 3544 1762 3609 validissimis

223 3644 278 3707 bic
294 3642 406 3705 titulus
420 3641 496 3707 addi
515 3644 673 3727 eoeperit.
703 3646 778 3705 Non
794 3642 966 3725 maingis,
1024 3664 1140 3720 unum,
1172 3642 1261 3727 quod
1289 3664 1332 3707 ax
1357 3644 1589 3709 Alexandrinis
1613 3644 1763 3711 Hadriani

223 3765 285 3827 per
299 3744 449 3821 Grutari,
473 3758 507 3807 et
521 3744 692 3807 Muratorii
709 3765 790 3827 opus
807 3763 873 3809 non
890 3764 968 3828 pau·
1023 3744 1128 3807 numia
1144 3758 1238 3827 pcto,
1259 3744 1324 3809 huc
1344 3744 1466 3811 distuli.
1503 3746 1637 3811 Suntin
1657 3768 1763 3813 musco

224 3869 278 3912 cas
303 3847 412 3931 spargi
435 3845 682 3929 inscriptiones,
712 3846 746 3906 in
771 3846 886 3931 quibua
902 3847 967 3909 Ha·
1023 3846 1185 3909 Caesareo
1216 3846 1305 3909 numi
1343 3846 1408 3911 dno
1437 3846 1535 3929 hujus
1570 3848 1699 3927 classis,
1732 3848 1765 3911 in

221 3950 353 4013 drianua
381 3949 444 4031 jam
468 3962 542 4012 ante
570 3947 653 4011 banc
676 3947 751 4014 trib.
769 3960 964 4033 potestatem
1021 3967 1160 4031 quorum
1176 3947 1297 4012 anticas
1333 3950 1441 4028 Caput
1454 3964 1489 4011 et
1507 3952 1688 4033 epigraphe
1701 3948 1764 4013 Ha·

220 4052 294 4118 llll.
331 4050 434 4134 patris
469 4050 591 4134 patriae
629 4049 758 4114 honore
803 4049 964 4113 adlinitur.
1021 4051 1152 4125 ariani,
1174 4050 1207 4110 in
1227 4048 1379 4115 aduersa:
1402 4044 1582 4115 HATHP.
1607 4044 1764 4113 nATPt-

222 4156 266 4215 ht
288 4172 371 4217 vero
392 4153 522 4236 quibas
548 4152 583 4212 in
609 4171 745 4213 examen
767 4171 886 4215 vocare
910 4170 967 4215 vo·
1024 4147 1120 4211 AOC.
1155 4152 1251 4211 Duae
1266 4153 1404 4213 deutera
1415 4151 1570 4229 iunctum
1600 4150 1635 4211 in
1654 4150 1763 4213 borum

221 4256 288 4331 let,
316 4252 544 4337 deprehendet
563 4252 679 4327 facilc,
708 4274 818 4315 aarum
843 4253 966 4314 nullam
1023 4270 1089 4315 uno
1112 4248 1258 4315 additur:
1289 4251 1329 4317 L.
1357 4248 1426 4327 IB.,
1454 4251 1489 4313 in
1512 4250 1621 4315 altero
1650 4252 1689 4313 L.
1712 4242 1762 4311 11².

258 4486 289 4551 a)
310 4480 394 4541 Grut.
411 4504 440 4559 p.
450 4485 484 4539 X.
596 4484 631 4555 b).
652 4483 738 4539 Grut.
755 4502 821 4558 pag.
832 4494 893 4544 154.
909 4486 934 4545 6.
1046 4486 1077 4553 cl
1097 4483 1114 4537 l.
1127 4500 1151 4537 c.
1169 4500 1236 4556 pag.
1249 4492 1306 4553 1911.
1326 4496 1347 4539 1.
1460 4480 1495 4553 d)
1515 4480 1535 4539 l.
1546 4502 1572 4539 e.
1588 4502 1657 4561 pag.
1669 4494 1725 4545 151.
1739 4492 1761 4545 ὅ.

222 4574 253 4640 ι»)-
273 4571 292 4624 l.
303 4589 328 4627 c.
344 4588 412 4647 pag.
424 4586 482 4645 249.
502 4589 525 4631 1.
617 4572 642 4645 Γ)
664 4573 681 4628 l.
694 4592 718 4631 c.
734 4591 800 4648 pag.
814 4574 890 4635 1016.
906 4586 932 4632 2.
1025 4578 1057 4646 g)
1078 4572 1096 4627 l.
1110 4590 1134 4627 r.
1151 4582 1254 4645 11515.
1270 4584 1294 4631 1.
1388 4570 1423 4641 h)
1443 4570 1565 4627 Ossam.
1583 4572 1660 4629 istor.
1679 4570 1735 4627 tab.
1744 4568 1761 4625 l.

221 4684 248 4719 n.
265 4676 285 4719 l-
