4012 5370
847 451 1162 527 TRAIANVS.

222 630 254 690 in
285 640 392 688 ortum
416 624 491 685 sitas
518 635 611 684 vocat
636 621 793 681 Aurorae
813 624 970 703 populos,

224 731 278 794 vel
297 729 383 793 vires
407 725 554 788 Orientis
572 725 610 803 n).
633 725 706 784 Non
722 722 827 785 minus
842 725 972 807 elegan-

222 846 275 894 ter
300 833 354 893 leo
379 830 581 900 Nemeaeus,
609 837 642 885 et
664 844 744 907 aper
768 827 973 907 Erymanthi·

221 956 282 997 nus
301 953 434 994 currum
453 927 562 989 subire
580 926 659 1008 jussi
677 926 817 989 indicant
832 926 970 990 Parthos

223 1036 262 1097 ab
281 1054 367 1096 novo
391 1029 538 1092 Hercule
558 1029 677 1105 victos,
705 1042 855 1112 tanquam
879 1050 972 1091 mou·

222 1153 289 1199 stra
320 1134 390 1197 orbi
421 1135 568 1192 Romano
601 1130 763 1205 exitialia,
806 1143 839 1191 ct
871 1131 969 1194 modo

222 1238 346 1300 servire
377 1235 471 1315 jussa.
514 1234 568 1294 Sic
597 1247 629 1293 ct
659 1232 855 1292 Sesostricm
881 1233 971 1297 iuve-

221 1356 309 1403 ctum
327 1338 457 1421 publice
476 1337 615 1419 legimus
636 1332 753 1413 junctis
779 1333 890 1396 currui
914 1334 970 1395 tri-

221 1441 366 1524 unrphali
386 1438 535 1521 regibus,
561 1454 642 1517 quos
666 1433 756 1495 bello
780 1434 904 1499 vicerat
924 1432 968 1516 ¹³).

220 1544 395 1604 Praeclare
416 1561 497 1622 crgo
516 1557 630 1597 numus
646 1535 700 1597 hic
721 1548 755 1596 ct
772 1535 968 1600 vindicatum

219 1669 237 1707 a
267 1643 396 1706 Parthis
427 1641 617 1713 Orientem,
659 1651 691 1699 et
722 1635 783 1698 hos
818 1638 968 1701 servituti

219 1746 403 1828 subjectos,
430 1756 463 1805 et
483 1742 588 1824 ipsum
608 1737 772 1803 vindicem
793 1739 967 1821 Trajanum

219 1848 262 1908 ob
294 1847 407 1908 oculos
437 1844 545 1927 ponit,
581 1856 676 1924 atque
708 1841 769 1902 hac
797 1838 840 1902 de
872 1861 966 1904 causa

200 1951 347 2013 omissis
376 1947 445 2009 aliis
473 1948 542 2027 ejus
567 1944 668 2004 titulis
695 1942 898 2018 Germanici,
933 1957 968 2006 et

218 2054 332 2115 Dacici
352 2051 440 2111 solus
461 2049 612 2110 Parthici
635 2045 807 2126 inscriptus
832 2043 965 2126 legitur.

219 2155 370 2236 Signatus
389 2166 437 2212 est
453 2148 538 2211 haud
554 2146 652 2209 dubie
671 2145 839 2208 occasione
856 2147 967 2208 trium·

219 2256 373 2339 phalium,
388 2274 468 2336 quae
482 2251 621 2332 'l'rajano
631 2262 703 2331 post
713 2262 851 2310 mortem
863 2247 964 2311 fuisse

219 2358 371 2430 decreta,
395 2354 548 2416 continuo
567 2352 716 2416 diximus.

582 2475 600 2511 1

478 2522 496 2557 fi
688 2521 707 2556 st

264 2600 419 2657 Numam:
433 2595 560 2659 DlVlS.
571 2590 861 2664 PARENTIBVS,
871 2588 966 2651 alios·

218 2720 293 2783 que,
316 2698 379 2759 huc
397 2696 499 2757 adhuc
518 2697 720 2778 pertinentes
740 2691 814 2759 vide
831 2689 914 2752 infra
932 2689 963 2749 in

219 2801 325 2863 numis
343 2798 503 2860 Plotinae.

585 2913 603 2950 s

480 2966 498 3002 a
688 2962 707 2997 fi

381 3038 501 3103 DlVO.
531 3034 739 3098 TRAIANO.
779 3037 886 3117 Caput
913 3055 965 3096 ru·

382 3144 522 3200 diorum.

218 3241 542 3305 CONSECRATIO.
568 3241 698 3318 Aquila
713 3241 871 3321 expansis
889 3239 966 3314 ulis,

218 3348 251 3405 in
273 3346 362 3406 aliis:
389 3345 465 3404 Aru
483 3345 603 3424 ignito.
626 3342 696 3404 AR.

262 3450 343 3508 Sunt
366 3466 406 3507 ex
429 3457 566 3528 argento
589 3443 733 3525 impuro,
759 3462 865 3525 neque
887 3445 966 3504 Tra·

217 3550 291 3628 jano
322 3547 454 3622 coaevi,
487 3546 545 3608 sed
573 3546 675 3605 multo
704 3544 820 3629 signati
847 3544 963 3607 serius.

1700 477 1772 548 445

1125 624 1305 687 Denuntio
1324 629 1436 690 aencis
1454 627 1519 689 111.
1528 606 1675 711 formae.

1073 726 1177 809 Supra
1205 725 1245 788 ad
1273 726 1396 789 calcem
1422 751 1595 794 numerum
1617 733 1775 798 Domitia·

1028 828 1064 889 ni
1102 828 1231 906 monui,
1274 826 1388 911 liujus,
1432 845 1466 894 et
1505 836 1776 920 consequentium

1029 930 1178 1014 proxime
1219 930 1454 1014 imperatorum
1491 949 1595 998 aetate
1633 936 1776 1020 signatus

1028 1053 1144 1095 numos
1175 1052 1295 1095 aeneos
1323 1037 1397 1111 lll.,
1430 1055 1467 1098 ac
1498 1036 1596 1100 otiam
1624 1040 1680 1106 lv.
1711 1036 1778 1103 for·

1028 1155 1121 1210 mae,
1150 1134 1184 1195 in
1213 1156 1352 1217 quornm
1380 1136 1485 1199 antica
1511 1159 1626 1200 eorum
1656 1140 1777 1224 capita,

1028 1249 1081 1297 aut
1100 1235 1213 1297 saltem
1239 1237 1420 1319 epigraphe
1439 1238 1573 1301 sistitur.
1595 1242 1700 1323 Hujus
1722 1264 1777 1325 ge·
1824 1232 1826 1239 .

1027 1336 1117 1399 ueris
1134 1336 1321 1418 complures
1341 1358 1415 1400 cum
1437 1341 1568 1422 Trajani
1592 1343 1696 1424 capite
1721 1344 1775 1406 lra-

1026 1437 1165 1514 bentur,
1187 1437 1405 1523 videnturque
1423 1440 1492 1502 ssati
1510 1441 1569 1504 sub
1585 1441 1679 1518 initio
1706 1444 1777 1527 ejus

1026 1539 1174 1623 imperii,
1217 1561 1292 1603 nam
1328 1541 1522 1627 plerumque
1558 1541 1778 1608 GERMursici

1026 1654 1168 1719 tantum,
1207 1662 1283 1705 raro
1312 1643 1451 1706 Dacica·
1482 1643 1611 1706 titulum
1642 1627 1814 1711 addunt·-

1025 1747 1061 1805 In
1090 1763 1202 1809 aversa
1233 1742 1313 1808 varii
1340 1757 1414 1806 sunt
1437 1744 1522 1827 typi,
1553 1727 1664 1808 addito
1694 1767 1777 1809 sem·

1025 1865 1104 1930 per,
1141 1865 1206 1930 quo
1243 1845 1465 1931 Romanorum
1502 1866 1573 1909 csse
1612 1862 1774 1911 monetam

1025 1968 1199 2032 agnoscas,
1230 1947 1264 2012 S.
1284 1948 1340 2024 C.,
1367 1959 1418 2008 ut:
1452 1948 1548 2029 lupa,
1582 1969 1678 2031 aper,
1709 1953 1776 2012 clu-

1024 2072 1084 2125 vu,
1114 2051 1232 2112 Diona
1258 2052 1432 2124 oenatria,
1463 2049 1642 2127 Hercules,
1677 2057 1777 2114 cudo·

1026 2170 1118 2225 cous,
1140 2162 1203 2212 etc.

1066 2251 1324 2321 Arruntanum
1351 2251 1474 2316 similes
1498 2254 1610 2329 aenei,
1639 2253 1694 2337 qui
1717 2255 1774 2315 im·

1024 2353 1185 2433 paraturis
1214 2373 1322 2438 neque
1350 2366 1463 2436 caput,
1506 2373 1613 2437 neque
1646 2354 1773 2438 epigra-

1024 2455 1113 2535 phen
1140 2452 1317 2532 exhibent,
1344 2453 1568 2519 verisimiliter
1592 2467 1701 2518 autem
1727 2457 1774 2518 in·

1026 2555 1067 2617 de
1093 2576 1111 2617 a
1135 2556 1334 2638 Vespasiano
1365 2575 1470 2640 usque
1499 2554 1541 2618 ad
1571 2555 1773 2620 Hadrianum

1024 2656 1173 2738 percussi
1202 2671 1294 2733 sunt,
1337 2676 1540 2740 quorumque
1573 2655 1628 2719 hic
1660 2660 1774 2721 memi-

1024 2757 1111 2819 nisse
1125 2756 1254 2820 videtur
1263 2755 1584 2840 opportunissimum.
1602 2757 1734 2821 Habent
1749 2760 1773 2820 ii

1023 2861 1219 2943 plerumque
1246 2858 1280 2919 in
1307 2857 1482 2941 superlicio
1511 2856 1647 2923 adversa
1674 2874 1770 2942 caput

1024 2961 1164 3024 numinis
1196 2960 1392 3043 cujuspiam,
1429 2959 1462 3021 in
1495 2980 1608 3024 aversa
1637 2973 1770 3044 praeter

1024 3077 1173 3128 constans
1191 3064 1226 3129 S.
1241 3065 1278 3129 C.
1297 3063 1367 3147 ejus
1380 3060 1551 3148 proprium
1567 3062 1766 3128 attributum.

1026 3166 1097 3230 sic:

1070 3271 1178 3350 Caput
1198 3268 1297 3330 Iovis.
1323 3261 1347 3324 ἶ
1365 3267 1518 3345 Fulmen,
1539 3268 1612 3334 vel:
1638 3270 1770 3346 Aquilo

1014 3372 1162 3455 fulmini
1178 3373 1346 3433 insistens.

1069 3473 1177 3552 Caput
1197 3470 1336 3533 Mortis.
1365 3463 1389 3526 Ξ
1413 3468 1565 3544 Thorax,
1592 3468 1663 3533 vel:
1696 3468 1771 3533 Tro·

1017 3591 1149 3653 pnsum.

218 3648 301 3740 Quis
323 3670 437 3710 corum
458 3647 558 3709 fuerit
575 3660 702 3721 auctor,
731 3645 913 3728 inquiretur
931 3643 963 3704 in
1060 3674 1175 3755 palm,
1193 3671 1354 3735 Palladi,
1376 3665 1400 3728 χ
1416 3667 1560 3734 Noctua,

216 3763 356 3814 tractatu
374 3749 415 3810 dc
434 3750 538 3811 numis
556 3747 848 3812 consecrationum.

399 3938 502 4003 iloni
523 3943 781 4004 restitutionum.

257 4083 385 4141 Horum
416 4101 515 4140 unum
548 4092 739 4162 argenteum
772 4079 962 4141 restitutore

218 4183 385 4243 Hadriano
403 4181 551 4244 dedimus
568 4183 677 4265 paullo
695 4203 791 4264 supra
805 4182 892 4244 inter
906 4201 964 4246 nu·.

217 4305 287 4347 snos
309 4283 376 4348 divi
397 4286 543 4365 Traiani,
569 4297 635 4345 tum
659 4284 744 4346 etin
765 4296 900 4347 tractatu
920 4280 962 4344 de

218 4388 323 4448 numis
340 4388 589 4449 restitutionum.

1068 3776 1177 3856 Caput
1192 3771 1379 3853 Apollinis.
1399 3765 1424 3830 ἶ
1446 3770 1478 3833 T
1472 3773 1573 3852 ripas.

1069 3877 1176 3957 Caput
1199 3872 1353 3936 Tiberini.
1376 3868 1512 3955 stupa
1529 3892 1604 3934 cunt
1615 3873 1769 3955 gemellis

1022 3975 1235 4039 lactentibus.
1250 3974 1346 4036 Hunc
1357 3995 1492 4038 numum
1507 3994 1548 4038 ex
1564 3958 1678 4036 museo
1689 3974 1766 4036 Cae·

1022 4096 1116 4141 sarco
1135 4072 1241 4147 edidi,
1264 4089 1298 4138 ct
1316 4075 1476 4159 explicari
1494 4077 1527 4136 in
1544 4095 1616 4138 mea
1632 4074 1765 4158 Sylloge

1022 4181 1046 4243 l.
1066 4200 1098 4262 p.
1115 4196 1183 4241 sou.

1066 4281 1181 4343 Pilsur
1195 4280 1310 4343 ulatur
1323 4279 1498 4342 Mercurii.
1521 4274 1546 4336 1
1564 4278 1742 4340 Cadurcus.

1069 4381 1226 4465 Gryphus
1248 4381 1331 4464 pedo
1354 4382 1521 4443 anteriore
1545 4391 1639 4441 rotae
1663 4366 1766 4460 inpo-

255 4707 283 4772 s]
308 4705 380 4757 deu.
392 4700 469 4757 Vlll.
487 4702 549 4762 686·
565 4701 628 4761 687·
704 4699 739 4769 b)
761 4697 882 4755 Diodor.
900 4701 930 4756 L.
947 4700 970 4758 l.
986 4700 1009 4771 i
1022 4708 1065 4762 58.
