3998 5340
798 431 848 502 nt.
881 428 1199 542 sustentus.
1305 452 1312 464 ν
1722 446 1772 526 an

221 605 317 670 viano
341 603 503 689 proditus,
529 613 564 665 et
589 620 666 664 mou
688 597 763 664 neci
793 597 902 676 datus,
929 597 971 661 de
1026 598 1071 662 sd
1097 598 1227 661 Actium
1257 597 1365 676 dedit,
1394 596 1520 683 maudo
1554 599 1646 662 nullo
1668 599 1783 666 adhue

223 727 287 793 qno
313 705 388 770 vide
417 707 561 768 Diouem
577 704 618 785 ¹).
648 704 792 777 Verum,
816 719 891 763 eum
917 699 972 764 bic
1028 700 1182 783 graviore
1200 694 1408 763 incommodo
1426 713 1576 784 accepto,
1595 716 1628 765 et
1646 702 1776 787 siquod

220 809 323 871 Dioni
352 809 492 870 Publius
521 803 665 880 dicatur,
696 824 763 865 non
796 804 977 878 Decimus,
1027 802 1118 863 mnri-
1136 815 1304 884 acceptum
1329 802 1435 876 soret,
1461 816 1530 865 tuto
1552 802 1592 864 nd
1609 803 1777 887 legionum

221 909 358 992 'conjicit
383 910 654 988 ldavercampus,
676 904 762 967 huuc
786 901 887 965 fuisse
908 903 976 964 Pu·
1025 903 1132 966 robur
1161 904 1334 987 perfugio,
1367 903 1500 966 fictos
1523 903 1696 987 Cleopatra
1727 907 1777 970 lu·

220 1011 280 1074 blii
297 1011 434 1075 fratrem
450 1006 495 1087 b).
1025 1024 1091 1088 gae
1112 1004 1205 1067 initio
1221 1005 1290 1087 ipse
1308 1006 1462 1068 continuo
1482 1006 1607 1089 praelio
1627 1007 1785 1083 excessit,
1830 1039 1833 1043 -

1028 1105 1269 1191 imperiumque
1313 1106 1423 1183 onbis,
1466 1127 1526 1188 pro
1569 1129 1635 1194 qno
1678 1109 1777 1178 totius

417 1249 457 1312 V.
472 1246 506 1310 α
521 1253 594 1330 724·
612 1243 659 1309 A·
670 1241 716 1305 X·
736 1238 786 1306 3⁰²
1027 1205 1176 1272 Orientis
1191 1208 1284 1271 vires·
1297 1208 1427 1284 excivit,
1445 1222 1479 1271 et
1496 1209 1608 1295 salutis
1620 1211 1776 1295 propriae

1027 1308 1197 1372 arbitrium
1237 1310 1367 1372 aemulo
1397 1310 1557 1393 permisit.
1608 1313 1690 1396 Ejus
1728 1312 1776 1377 vi·

221 1426 225 1432 ·
290 1411 482 1477 Octavianus
513 1409 692 1474 Antonium
723 1407 757 1471 in
784 1407 887 1491 ipsam
909 1407 976 1469 Ae·
1030 1423 1095 1473 tam
1122 1411 1293 1494 eleganter
1319 1410 1448 1495 scripsit
1465 1413 1679 1491 Plutarchus,
1709 1427 1777 1476 tum

222 1528 361 1600 'gyptum
378 1513 575 1600 insequitur,
593 1524 768 1596 urgetque.
791 1512 973 1593 Desperata
1030 1511 1119 1576 varia
1141 1511 1226 1593 apud
1252 1511 1411 1592 Dionem,
1440 1516 1643 1601 Appianum,
1682 1517 1779 1580 alios·

223 1617 338 1694 venia,
365 1615 553 1679 etmeliore
577 1614 708 1677 fortuna
726 1612 884 1678 violentas
902 1611 972 1694 ipse
1032 1634 1095 1698 que
1132 1613 1288 1675 historiae
1323 1616 1364 1678 lt.
1399 1615 1594 1699 scriptores,
1638 1637 1778 1681 coaetos

224 1717 285 1782 sibi
306 1738 417 1780 manus
434 1715 565 1782 insert.
1031 1716 1109 1776 item
1127 1727 1276 1776 auctores
1295 1717 1460 1798 reperies,
1493 1739 1574 1801 quos
1596 1717 1682 1781 inter
1700 1741 1778 1782 cave

286 1820 363 1883 Fuit
383 1819 436 1883 vir
458 1833 493 1881 et
514 1815 705 1891 virtutibus,
735 1800 872 1878 etnitiis
889 1830 974 1872 sum·
1031 1817 1227 1878 Ciceronem
1252 1815 1379 1894 audias,
1411 1818 1514 1902 quiin
1526 1819 1718 1903 Philippicis
1738 1821 1779 1882 si·

222 1942 318 1997 mus,
342 1919 390 1983 sic
419 1932 547 1997 temen,
585 1930 622 1980 ut
648 1915 810 2001 principio
841 1933 974 1996 praess-
1031 1918 1065 1979 bi
1090 1917 1231 2002 denique
1255 1917 1405 1980 letalibus
1423 1918 1551 2001 privato
1570 1920 1647 1983 odio
1661 1920 1777 1985 ductus

221 2022 331 2086 lerent
363 2021 520 2097 virtutes,
557 2019 677 2082 deinde
709 2018 809 2095 vitia.
840 2014 920 2076 lnsle
950 2036 969 2076 a
1026 2042 1121 2084 veras
1146 2018 1279 2080 Antonii
1308 2017 1421 2083 laudes
1440 2019 1673 2100 dissimulavit,
1698 2023 1774 2088 sitia

217 2124 398 2206 'juventute
414 2124 461 2187 sic
484 2123 620 2185 indulsit
638 2115 971 2192 comissationibus,
1026 2137 1081 2185 ant
1095 2120 1246 2196 adfinxit,
1263 2121 1364 2182 autin
1378 2123 1480 2204 majus
1495 2123 1594 2187 anxit.
1650 2170 1659 2186 .

222 2226 322 2309 jocis,
345 2225 612 2288 muliercularum
630 2220 813 2294 amoribus,
836 2218 968 2281 uthaee
1019 2259 1022 2262 -
1089 2224 1220 2290 onres
1253 2222 1472 2286 illustrioress
1514 2204 1712 2301 Fvatnj
1732 2225 1778 2286 P.

222 2329 379 2389 continuo
416 2339 610 2411 reponeret,
659 2344 733 2388 oum
764 2322 853 2383 serio
891 2318 970 2404 quid
1026 2323 1308 2407 Clodii-primum,
1326 2325 1402 2388 dein
1419 2326 1571 2390 Curionis
1592 2326 1698 2392 vidua.
1721 2328 1773 2390 Ex

223 2429 385 2512 agendum
409 2441 508 2492 esset.
552 2427 644 2508 Ergo
666 2426 804 2488 idoneus
823 2421 970 2497 habitus,
1027 2448 1068 2490 aa
1095 2426 1162 2488 nati
1190 2428 1498 2505 M„ANTON1VS‚
1537 2428 1673 2492 Graecis
1702 2427 1774 2489 ΑΝ.

222 2530 313 2612 cujus
350 2527 447 2605 lidei,
483 2541 517 2592 et
558 2527 703 2590 consiliis
732 2525 784 2588 rei
813 2544 988 2597 summam,
1029 2529 1218 2604 TYLLVS,
1246 2529 1286 2592 ab
1306 2530 1484 2594 Octaviano
1503 2550 1698 2594 caesusnon
1721 2530 1782 2594 din⁴

222 2650 321 2717 saepe
340 2630 561 2694 summitteret
582 2631 606 2694 Ι,
624 2629 757 2704 Caesar,
781 2625 974 2690 creditoilli
1029 2630 1114 2717 patri
1145 2630 1318 2714 superfuit,
1361 2632 1441 2714 Ejus
1463 2633 1561 2696 visam
1586 2647 1620 2696 es
1643 2654 1777 2695 numum

222 2733 355 2798 sinistro
385 2751 491 2795 cornu
515 2731 549 2791 in
572 2730 641 2792 acie
675 2729 880 2805 Pharsalica,
913 2748 976 2811 qua
1032 2732 1116 2794 inira
1140 2732 1298 2797 dabimus.
1342 2735 1473 2801 IVLVS
1502 2734 1729 2799 ANTONlVS
1760 2758 1778 2794 a

224 2835 266 2898 de
298 2833 439 2917 imperio
469 2831 655 2894 dimicatum
688 2845 747 2893 est·
794 2831 897 2893 Caeso
927 2829 979 2890 <li-¹
1029 2836 1156 2898 victore
1174 2853 1240 2894 non
1261 2847 1407 2895 servatus
1423 2833 1540 2910 modo,
1569 2833 1627 2895 sed
1647 2833 1783 2896 honori-

224 2950 350 3000 ctatore
380 2934 498 2999 invasit
529 2954 651 3017 remp,
685 2951 752 2993 non
780 2945 845 2994 tum
876 2929 974 2992 ambi·
1030 2934 1091 2996 bus
1115 2935 1211 2997 etiam
1232 2946 1360 3012 auctus,
1404 2935 1511 2997 vitiata
1534 2934 1681 2997 Caesaris
1710 2934 1776 2998 filia

216 3041 340 3114 tione,
356 3058 452 3121 mam
476 3050 512 3098 ut
533 3033 772 3118 intempestivis
797 3030 971 3105 conviviis,
1021 3035 1112 3098 ,lulis
1129 3035 1262 3097 exitium
1282 3034 1542 3102 sibimaturavit.

223 3157 259 3206 et
292 3139 542 3204 liberalitatibus
573 3150 719 3221 sumptus
743 3154 786 3197 ne
809 3134 971 3197 deessent.
1093 3135 1289 3203 ocusvts
1313 3136 1485 3211 Octaviani
1507 3159 1620 3216 soror,
1649 3160 1691 3203 ex
1713 3162 1776 3223 qua

223 3244 307 3307 lnito
334 3242 486 3306 Illviratu
519 3241 614 3304 victis
640 3262 696 3303 sua
725 3238 820 3301 unius
853 3237 981 3302 virtute·
1030 3253 1124 3303 natae
1153 3239 1353 3303 ANTONIA
1385 3241 1507 3324 major,
1537 3242 1644 3325 luupta
1666 3244 1783 3306 Druso«

222 3348 263 3411 sd
290 3345 464 3429 Philippos
493 3347 599 3407 Bruto
631 3357 664 3405 et
695 3342 806 3404 Cassio
837 3352 974 3423 propter
1030 3341 1164 3406 seniori.
1186 3343 1266 3424 Ejus
1283 3342 1373 3403 numi
1391 3341 1475 3404 infra
1499 3357 1573 3425 post
1590 3344 1777 3408 huncDru·

222 3449 309 3514 belli-
333 3447 502 3512 scientiam
525 3444 731 3512 hauddubie
754 3440 902 3526 principe
925 3440 971 3499 in·
1031 3465 1107 3507 sum
1121 3443 1359 3508 describentur.
1381 3445 1587 3507 ΑΝΤΟΝΙΑ
1603 3445 1710 3507 minor
1736 3449 1776 3510 1..
1902 3459 1905 3466 ·

213 3559 275 3615 'ter
292 3551 439 3635 collegas
456 3550 532 3612 loco
548 3548 672 3622 fuerat,
698 3545 760 3607 nisi
778 3544 971 3625 Cleopatrae
1030 3544 1176 3607 Domitio
1194 3545 1413 3608 Ahenobarbo
1428 3546 1547 3628 juncta.

221 3651 340 3737 paullo
364 3663 438 3736 post
466 3649 630 3713 amoribus
658 3648 806 3712 'irretitus
833 3646 972 3727 imera-
1093 3647 1362 3710 CLEOPATRA
1390 3648 1533 3730 Aegypti
1554 3647 1678 3731 regius.
1725 3650 1775 3708 Ex

184 3769 188 3777 ·
220 3754 323 3817 torias
344 3754 499 3828 virtutes,
533 3765 568 3816 et
599 3752 768 3814 sanitatem
790 3747 892 3830 ipsam
916 3745 972 3807 de·
1030 3751 1090 3812 hac
1110 3750 1192 3812 nati:
1224 3751 1502 3812 ALEXANDER
1524 3765 1559 3814 et
1581 3749 1773 3814 CLEOPA-

223 3855 402 3920 didicisset.
446 3834 539 3949 Qusd
558 3873 594 3916 se
613 3853 697 3915 duce
722 3850 861 3914 subinde
882 3861 972 3931 gesta
1031 3853 1120 3911 ‘rttn
1170 3852 1320 3935 gemelli,
1374 3866 1408 3916 et
1457 3852 1773 3917 PTOLEMAEVS.

213 3968 312 4034 sunt,
330 3957 470 4019 infauste
488 3956 596 4018 omnia
615 3952 837 4031 cecidere‚'et
851 3953 878 4014 si
894 3949 971 4036 quid
1020 3953 1204 4036 -Cleopatra
1235 3954 1335 4018 lubae
1367 3957 1404 4019 ll.
1436 3970 1535 4040 nupta
1571 3975 1654 4016 suos·
1677 3954 1776 4018 habet
1844 3947 1846 3950 ’

222 4060 395 4145 insiguiter
416 4045 595 4140 patratum,
626 4078 758 4120 suorum
787 4054 898 4119 virtuti
925 4053 970 4114 le·
1027 4077 1159 4133 numos,
1182 4056 1403 4141 quostidein
1420 4059 1526 4120 numia
1545 4077 1661 4141 regum
1682 4060 1772 4119 Mau·

223 4176 389 4250 gatonem,
424 4175 469 4238 et
493 4157 679 4224 incredibili
707 4160 845 4221 militum
875 4157 908 4218 in
934 4175 969 4217 se
1020 4160 1181 4224 setaniae·
1227 4157 1308 4250 Ejus
1341 4159 1484 4223 arbitrio<
1515 4158 1683 4243 permissi·
1699 4163 1777 4223 Ale-

213 4265 381 4342 ·sdlectui,
421 4262 565 4349 fideique
600 4259 722 4324 debuit.
776 4264 970 4324 Extremum
1027 4260 1171 4337 rander,
1194 4276 1227 4325 et
1248 4262 1458 4326 Ptolemaeus
1479 4259 1600 4324 fratres
1616 4261 1657 4341 ⁰).
1680 4260 1777 4327 Vter-

224 4367 354 4432 alienati
386 4364 484 4430 animi
517 4364 749 4429 documentum
780 4364 813 4425 in
844 4364 971 4448 praelio
1028 4383 1093 4446 que
1115 4364 1220 4426 numis
1240 4365 1340 4428 certis
1366 4377 1471 4441 caret,
1501 4384 1543 4426 ex
1561 4383 1698 4447 quorum
1720 4386 1776 4427 nu·

261 4668 482 4742 a)1..1.1.tn.
557 4666 594 4742 b)
614 4668 652 4725 sd
666 4665 782 4727 Metelli
801 4665 868 4726 sam.
882 4677 969 4747 pau.
1045 4673 1077 4742 c)
1102 4668 1169 4726 Dio.

256 4759 461 4844 (roilli.)
