4012 5370
230 465 305 539 aar.
844 398 1174 525 TRAIANVS.

231 626 310 685 sito.
333 618 357 679 ii
379 622 506 702 Tripus.
532 616 716 723 Vtrumque
738 616 824 682 istud
846 618 977 683 attribu·
1032 619 1178 685 cessario
1203 618 1408 705 ignoramus,
1441 618 1508 687 nisi
1529 640 1615 685 cum
1639 620 1709 705 typi
1731 634 1778 683 aut

231 738 300 786 tum
319 736 369 786 est
385 722 611 806 Apollineum,
629 743 694 806 quo
710 721 808 785 modo
825 722 976 786 attributa
1034 736 1177 799 certum,
1201 736 1256 786 aut
1279 724 1395 787 saltem
1417 722 1606 787 verisimile
1633 722 1778 786 indicium

228 826 317 887 numi
344 823 572 908 praecedentis
600 837 675 885 sunt
700 824 867 888 Mercurii.
899 826 977 888 Fuit
1033 822 1251 907 suppeditant.
1295 826 1428 908 Operae
1463 824 1637 908 pretium,
1680 838 1779 887 cenos

225 926 372 1010 gryphus
396 926 530 989 Nemesi
558 925 691 1010 quidem
720 947 831 1004 sacer,
866 940 900 991 et
929 927 975 990 sic
1033 924 1073 987 ab
1094 925 1230 988 incertis
1251 944 1447 1001 secernere,
1475 939 1583 1011 atque
1609 924 1699 989 istud
1724 926 1779 989 ltcc

227 1028 324 1091 ctiam
351 1027 489 1112 perinde
514 1048 587 1091 cum
611 1041 683 1090 rota
709 1028 784 1092 huic
811 1027 892 1092 deae
922 1030 976 1090 ad·
1030 1026 1108 1089 loeo
1125 1049 1142 1089 a
1160 1048 1213 1090 me
1230 1027 1305 1091 lieri
1321 1027 1363 1091 ad
1379 1046 1490 1089 meum
1508 1028 1701 1091 institutum
1722 1028 1779 1111 pls-

226 1129 387 1207 stitnitur,
417 1148 452 1198 ut
472 1134 611 1198 diximus
634 1134 668 1193 in
692 1131 800 1192 numia
817 1132 974 1213 Smyrnae
1031 1148 1074 1191 nc
1099 1128 1242 1211 pertinet
1266 1142 1464 1212 propterea,
1494 1128 1594 1211 quia,
1622 1126 1714 1215 quod
1734 1150 1779 1213 pa·

226 1232 347 1297 Ioniae.
391 1232 434 1297 At
467 1237 561 1298 illum
593 1234 717 1317 Apollo
750 1250 880 1315 quoqne
912 1232 974 1293 sibi
1031 1229 1113 1292 triae
1132 1230 1297 1293 mentione
1314 1228 1497 1309 abstinent,
1511 1229 1630 1293 locum
1651 1242 1777 1303 certon,

227 1331 384 1412 vindicat,
406 1349 442 1398 nt
459 1337 494 1397 in
508 1337 575 1401 ‘hoc
594 1354 692 1397 numo
710 1345 801 1396 certe
820 1331 861 1395 ad
876 1333 977 1415 Apol·
1032 1330 1159 1415 sibique
1181 1330 1327 1396 debitum
1348 1330 1382 1392 in
1400 1343 1495 1416 parte
1514 1332 1542 1394 l.
1558 1330 1660 1413 hujus
1680 1330 1778 1415 operis

224 1432 326 1496 linem
343 1435 488 1499 refertar
502 1452 640 1525 propter
650 1434 818 1519 tripodem
834 1434 868 1494 in
878 1452 976 1499 uver-
1032 1432 1154 1496 babere
1182 1456 1249 1498 non
1273 1446 1435 1519 poterunt.
1475 1434 1529 1495 En
1569 1445 1777 1515 utrorumque

225 1557 259 1597 aa
285 1535 436 1618 positum.
469 1539 637 1623 Sigrfilicat
662 1537 762 1621 igitur
785 1548 870 1610 rota,
901 1556 975 1618 gry·
1031 1536 1231 1621 catalogum:
1592 1544 1595 1549 '

224 1635 975 1822 ,rt
1330 1690 1774 1761 ΛΛΛΛΛΛΛΛΛΛΛΛΛ

224 1839 394 1924 “holmus
410 1843 545 1927 Lydiae·
1053 1819 1191 1880 quorum
1207 1800 1322 1881 putria
1340 1808 1449 1873 certa,
1471 1808 1537 1858 aut
1557 1800 1757 1871 verisimilis.

1151 1934 1357 2019 Epigrnpbe,
1378 1944 1413 1995 et
1430 1945 1536 2015 caput
1561 1934 1709 2015 Traiani.

347 2026 453 2095 Numi
474 2030 650 2092 commatis
666 2030 847 2111 peregrini.
1029 2032 1244 2099 ΔΗΜΑΡΧ.
1263 2030 1330 2098 ΕΞ.
1348 2067 1361 2083 ·
1375 2068 1390 2083 ·
1406 2028 1567 2097 THAT:
1578 2070 1593 2083 ·
1614 2036 1714 2120 uypt:

267 2146 428 2229 Copicsos
458 2147 612 2211 habemus
643 2148 738 2229 hujus
769 2147 881 2211 classis
911 2166 969 2209 nu·
1070 2140 1179 2221 Caput
1196 2136 1353 2198 Herculis
1367 2136 1574 2199 laurentum.
1597 2138 1672 2203 ΔΗ.
1690 2140 1713 2199 l.

223 2266 295 2307 mos
320 2248 354 2307 in
374 2248 509 2312 urbibus
528 2249 665 2312 Graecis
689 2249 842 2330 signatos.
873 2245 969 2307 Multi
1069 2240 1201 2318 Aquila
1217 2238 1338 2299 clavae
1358 2238 1538 2313 insistens,
1562 2240 1670 2317 juneo
1694 2242 1768 2301 lenti

225 2346 322 2407 etiam
347 2361 472 2410 exstant
495 2370 538 2413 ex
558 2362 695 2432 argento
719 2369 823 2430 puro,
847 2360 881 2408 et
904 2367 969 2407 ma·
1026 2364 1151 2406 ramus.
1173 2340 1245 2402 AR.
1262 2339 1289 2404 1.

223 2445 328 2508 nimae
356 2448 453 2509 etiam
477 2449 571 2510 multi
594 2448 739 2524 formae,
770 2461 824 2509 ut:
860 2445 966 2511 COM.
1071 2444 1198 2505 Mulier
1207 2440 1764 2530 celataetturritarupiinsidensi.

224 2546 305 2610 ASI.
327 2545 437 2613 ROM.
458 2549 528 2612 ΕΤ.
549 2548 648 2614 AVG.
673 2548 790 2633 signati
814 2547 968 2629 Pergami
1024 2540 1760 2629 spiens,propedibusfluuiusemergens.Albi

222 2649 356 2730 Mysiae.
384 2682 427 2697 -
454 2650 572 2712 DIAN.
594 2652 723 2715 PERG.
748 2650 866 2733 signati
889 2651 968 2710 Per·
1069 2645 1151 2706 Sunt
1175 2643 1211 2704 hi
1231 2642 1321 2704 numi
1347 2641 1434 2704 houd
1459 2640 1563 2707 dubie
1587 2642 1761 2709 nunctis

223 2769 284 2832 gae
297 2751 519 2834 Pamphyliae.
537 2784 581 2799 —-
598 2751 692 2815 COS.
711 2755 751 2818 11.
774 2750 968 2814 Fasciculus
1027 2747 1159 2829 Syriae,
1186 2743 1221 2806 in
1244 2744 1335 2826 cujus
1363 2763 1421 2808 eos
1443 2758 1581 2809 moneta
1602 2746 1700 2831 plene
1720 2746 1762 2809 de·

222 2870 284 2912 sea:
308 2857 494 2932 spicarum,
531 2851 620 2915 urbis
644 2873 711 2915 non
738 2852 813 2913 satis
842 2864 965 2917 certae.
1028 2848 1184 2933 scriptos,
1207 2860 1242 2910 et
1259 2846 1436 2931 explicatos
1453 2846 1620 2933 reperies.

222 2951 378 3034 Vulgavit
407 2974 524 3017 numos
556 2954 680 3016 similes
709 2953 901 3021 Vaillantins
934 2952 967 3012 in
1146 2943 1760 3015 ATTOKP.KA10.NGP.TPA1A·

221 3054 328 3115 numia
344 3056 411 3117 suis
427 3055 729 3139 praestantioribus.
752 3054 838 3122 Vide
857 3052 965 3131 etiam,
1145 3047 1251 3117 NOC.
1265 3046 1360 3113 CGB.
1374 3044 1521 3119 PGPM.
1537 3048 1647 3117 ΔΑΚ.
1671 3052 1759 3135 Cape!

222 3174 304 3233 quae
328 3152 370 3217 de
391 3156 441 3217 hia
464 3159 498 3218 in
519 3156 625 3220 numia
647 3160 774 3223 Nervae
799 3154 966 3219 commatis
1146 3154 1346 3217 laureatum.

221 3255 391 3336 peregrini
408 3255 558 3322 diximus.
1026 3246 1457 3317 ΔΗΜΑΡΧΕΞΤΠΑΤ.
1466 3276 1499 3328 ς’.
1515 3256 1758 3337 DianaPergsn·

264 3351 444 3419 ΔΙΚΤΤΝ
446 3356 479 3421 Ν
482 3362 524 3422 Α.
543 3353 759 3421 ΚΡΗΤΩΝ.
787 3358 840 3420 De
859 3356 965 3419 numia
1023 3357 1071 3418 sis
1084 3358 1122 3416 in
1135 3357 1256 3437 templo
1270 3353 1406 3437 distylo.
1422 3352 1494 3420 ΔΗ.
1504 3356 1547 3423 11.
1555 3358 1656 3431 (Mus.
1664 3356 1756 3427 Gen.)

219 3455 270 3517 his
299 3462 462 3539 argenteis
491 3461 546 3546 egi
572 3460 607 3523 in
633 3473 763 3524 moneta
785 3462 902 3522 Cretae
933 3460 966 3522 in
1066 3458 1127 3519 Est
1149 3457 1278 3541 Pergae
1302 3456 1525 3540 Pamphyliae.
1558 3456 1629 3521 Sub
1649 3458 1756 3527 dieras,

222 3577 357 3640 genere.
1025 3572 1060 3621 et
1074 3558 1184 3640 paullo
1202 3580 1300 3642 supra
1315 3558 1375 3621 sub
1391 3558 1536 3641 Traiano
1552 3557 1698 3625 dedimus
1710 3576 1758 3617 nu·
1793 3572 1798 3581 ·

264 3658 333 3720 Sed
358 3671 391 3721 et
416 3658 450 3720 in
478 3672 609 3724 moneta
632 3662 763 3744 Traiani
791 3663 967 3748 peregrina
1026 3679 1096 3722 mos
1112 3679 1186 3723 cnm
1204 3656 1758 3745 epigrapherntanat’ttltuto'·

220 3758 356 3842 insignis
373 3773 423 3823 est
437 3781 592 3824 numerus
606 3785 779 3827 nemorum
795 3777 967 3851 argenteo·
1025 3762 1107 3841 SIS,
1129 3776 1164 3826 et
1180 3762 1278 3827 simili
1295 3776 1384 3847 typo.

219 3882 293 3922 rum
319 3863 345 3925 l.
369 3875 403 3923 et
424 3863 480 3925 111.
508 3862 651 3942 iorm'ae,
684 3866 763 3949 quin
789 3881 823 3931 et
848 3886 967 3929 aeneo·
1143 3866 1271 3929 Eadem
1287 3858 1469 3947 epigraphe
1484 3877 1519 3928 et
1537 3878 1649 3949 caput.

220 3985 311 4041 rum,
328 3963 363 4024 in
378 3982 517 4046 quorum
532 3986 643 4029 aversa
659 3982 817 4051 perpetua
834 3981 883 4030 est
898 3968 966 4051 epi·
1024 3960 1236 4029 ΔΗΜΑΡΧ.
1249 3962 1316 4030 ΕΞ.
1332 3958 1513 4027 ΤΠΑΤΟ.
1524 3992 1558 4043 ς.
1575 3970 1697 4051 Figura
1706 3984 1755 4049 yn·

222 4064 346 4148 graphe
370 4060 642 4143 ΔΗΜΑΡΧικης
662 4066 824 4143 ΕΞουσιας
847 4064 965 4130 ΤΠΑ-
1023 4067 1141 4129 indata
1154 4068 1186 4131 d.
1203 4067 1335 4127 bustam
1352 4070 1516 4131 insistens
1527 4070 1664 4153 Aegaeo
1679 4088 1754 4131 enen

221 4164 305 4241 Τος,
326 4165 436 4230 addito
457 4180 644 4230 constanter
665 4192 803 4235 numero
819 4171 966 4233 cousula-
1022 4171 1061 4233 ti.
1083 4170 1154 4259 dli.
1171 4170 1225 4230 111.
1242 4167 1369 4243 (Vaill.)

220 4278 291 4342 tus,
318 4286 384 4328 non
409 4288 541 4352 semper
566 4269 756 4334 tribuniciae
784 4273 963 4356 potestatis.
1063 4271 1124 4332 Est
1143 4268 1230 4331 band
1252 4268 1350 4333 dubie
1363 4270 1550 4337 Caesareae
1563 4268 1750 4357 -capsemin

222 4364 384 4459 Quoniam
405 4370 438 4430 in
463 4371 511 4433 lais
536 4370 641 4447 urbia,
665 4374 719 4435 uel
741 4372 887 4457 regionis
908 4394 966 4435 no·
1022 4386 1159 4456 propter
1187 4372 1384 4456 insculptum
1409 4388 1562 4440 montem
1581 4376 1749 4459 Argum

221 4489 296 4531 men
328 4491 392 4532 non
423 4471 570 4548 additur,
606 4494 722 4536 eornm
746 4474 884 4559 patriam
909 4497 964 4538 ne·
1023 4474 1108 4539 Vide
1126 4474 1223 4557 hujus
1243 4495 1370 4540 numos.
1403 4514 1407 4521 ·

258 4678 288 4741 a)
308 4677 351 4731 De
367 4676 417 4735 Vl.
433 4679 585 4737 consulatu
603 4680 733 4739 lionorii.
749 4702 775 4738 r.
794 4696 837 4748 50.
