4012 5370
217 468 290 546 456
831 440 1143 527 TRAIANVS.

223 650 320 696 serae
345 625 535 690 Gabaleasis
562 642 627 686 uno
653 644 736 686 anno
761 621 867 686 serias
894 642 968 687 esse
1026 642 1084 685 seu
1111 618 1230 687 xxm
1247 620 1387 707 Augusti
1408 620 1571 706 auspicati
1596 634 1691 700 suut,
1714 620 1770 684 etsi

225 728 506 803 constituendam,
527 746 609 811 quse
632 725 738 788 omnia
761 725 843 789 olim
859 725 969 810 copio-
1026 723 1225 808 principatus
1255 722 1368 807 paucis
1397 734 1525 785 tautum
1556 722 1675 789 dIebus
1703 738 1769 787 sate

224 836 292 897 sius
312 829 533 915 comprobabo
548 828 582 889 in
596 826 766 892 Addendis
788 828 830 891 ad
849 848 965 891 numos
1025 827 1096 909 ejus
1112 824 1233 889 mensis
1250 823 1422 889 exordium
1438 820 1562 891 fuisset
1577 826 1697 893 aditus.
1716 826 1771 889 Er·

225 936 434 1001 Gabaioruru.
449 931 582 995 Interim
598 952 664 994 noa
677 928 855 995 verisimile
866 929 966 992 modo
1026 949 1069 1012 go
1084 925 1263 992 secundum
1277 924 1361 989 banc
1374 925 1527 1011 regulam
1542 924 1624 991 trib.
1636 940 1772 1012 potestas

223 1052 290 1115 est,
330 1036 389 1102 sed
425 1034 521 1119 pisae
556 1031 783 1097 necessarium¹
805 1045 968 1109 statuere,
1025 1030 1113 1096 xxt.
1131 1028 1215 1114 apud
1233 1028 1352 1113 Tyrios
1367 1027 1452 1093 iuire
1474 1027 1597 1093 debuit
1617 1026 1675 1094 die
1694 1030 1771 1093 m

222 1141 325 1204 fuisse
342 1138 516 1221 Traianum
536 1135 739 1219 adoptatum,
764 1147 797 1197 et
818 1134 895 1200 trib.
911 1154 969 1217 po·
1027 1130 1182 1196 Octobris
1198 1132 1240 1198 V.
1253 1129 1290 1192 G.
1301 1131 1381 1217 dou.

81 1274 94 1289 κ
224 1255 342 1311 testate
351 1252 511 1314 arastum,
526 1251 697 1322 antequam
708 1237 740 1297 in
751 1235 900 1299 Orientis
916 1257 969 1298 ur-
1066 1232 1235 1317 Principio
1258 1230 1393 1311 modus,
1424 1254 1525 1319 quem
1552 1234 1609 1299 vir
1636 1230 1774 1299 eruditu

223 1343 320 1407 bibus
335 1342 369 1403 in
385 1353 540 1404 autumno
557 1339 598 1407 V.
612 1339 649 1403 C.
665 1340 730 1402 esa
744 1357 849 1402 noras
865 1358 968 1401 annus
1026 1335 1068 1401 sd
1091 1333 1320 1420 explicandam
1342 1333 1430 1398 istud
1455 1334 1614 1421 aenigma
1644 1334 1775 1413 inserit,

223 1445 342 1522 iniret,
361 1455 398 1505 at
414 1440 568 1505 continuo
585 1439 718 1524 patebit.
1025 1450 1277 1525 praeposteras,
1302 1449 1337 1501 et
1358 1456 1509 1521 pugnare
1531 1456 1613 1501 cum
1638 1436 1711 1523 ipss
1733 1458 1776 1501 rs·

265 1546 340 1609 Non
369 1541 550 1607 excessione
577 1543 750 1624 Traianum
779 1540 854 1604 trib.
877 1554 969 1625 pote·
1025 1542 1117 1605 tione
1157 1538 1338 1606 ridebatur.
1390 1539 1445 1600 Au
1479 1537 1593 1618 euim,
1639 1538 1774 1623 aiebam,

224 1661 338 1711 statera
356 1645 448 1723 XX„
475 1657 538 1707 tam
557 1644 648 1707 numi
667 1643 835 1708 commatis
852 1646 970 1708 Roma·
1026 1642 1119 1707 licuit
1145 1640 1399 1726 provincialibus
1424 1638 1527 1703 alium
1555 1654 1705 1707 statuere
1725 1642 1775 1705 ite·

224 1750 278 1828 ni,
315 1769 409 1833 quam
443 1767 624 1827 marmora,
662 1766 745 1831 quse
775 1746 874 1811 modo
905 1746 970 1811 sint
1026 1742 1147 1809 randso
1176 1742 1252 1808 trib.
1277 1740 1447 1829 potestatis
1483 1740 1646 1821 modum,
1691 1764 1775 1833 qm

225 1864 335 1915 certae
373 1849 470 1926 fidei,
513 1848 681 1913 luculente
719 1848 873 1933 produnt.
926 1849 970 1910 At
1028 1866 1125 1930 quem
1144 1844 1216 1929 ipse
1234 1846 1409 1929 princeps,
1430 1864 1471 1909 sc
1492 1859 1633 1911 senatus
1651 1848 1693 1911 tt.
1708 1866 1774 1911 ucu-

224 1953 381 2035 Belley'us
400 1952 434 2014 in
456 1950 571 2014 eadem
594 1950 822 2015 dissertatione
842 1953 870 2032 ¹)
892 1952 970 2013 Tra·
1028 1950 1149 2025 stituit,
1177 1944 1451 2032 observavitque?
1478 1968 1546 2030 qus
1569 1948 1701 2015 ratione
1722 1950 1775 2031 Ty·

226 2054 291 2136 jani
317 2052 411 2117 binoa
444 2065 638 2137 argenteos,
674 2073 840 2139 unumque
874 2071 971 2116 aene·
1029 2050 1072 2113 rii
1094 2048 1312 2127 tribunatum,
1335 2047 1411 2133 qui,
1436 2048 1502 2111 etsi
1529 2049 1675 2135 siugulis
1695 2050 1772 2115 suuis

225 2179 301 2232 um,
337 2154 437 2238 Tyri,
468 2167 503 2216 ut
534 2152 746 2237 opinabatur,
777 2175 970 2238 pereussos,
1029 2164 1224 2228 renovatus,
1256 2150 1331 2214 anni
1357 2164 1467 2215 tamen
1494 2148 1610 2216 ricem
1637 2166 1705 2217 nou
1727 2150 1773 2215 ub

225 2278 267 2320 ex
287 2256 461 2319 PeIIerinii
485 2256 638 2319 thesauro
663 2254 807 2337 profert,
833 2256 865 2317 ia
893 2276 972 2341 quo·
1029 2253 1143 2331 tinuit,
1173 2266 1326 2336 poterant
1348 2252 1384 2315 iu
1408 2272 1511 2317 anuos
1542 2273 1625 2319 suae
1651 2252 1771 2319 reticuit

225 2380 298 2419 ram
312 2378 426 2421 arersa
438 2356 575 2437 legitur:
593 2352 807 2420 ΔΗΜΑΡΧ.
821 2354 884 2419 ΕΞ.
894 2358 970 2424 ΚΑ.
1030 2355 1252 2420 convertere?
1285 2354 1461 2431 Novimus,
1493 2353 1648 2441 singulus
1675 2356 1772 2439 aaa*

227 2453 374 2519 TIIAT.
391 2481 422 2531 ς.
461 2456 574 2519 Serius
595 2455 689 2517 binos
711 2456 834 2520 similes
855 2478 972 2541 argen-
1029 2471 1095 2520 stus
1112 2456 1271 2535 natalem,
1300 2477 1366 2542 quo
1388 2454 1568 2540 imperium
1593 2456 1769 2532 obticuere,

226 2573 298 2621 teos
323 2577 364 2620 ex
390 2556 511 2620 muscis
529 2556 707 2619 austriacis
729 2558 851 2621 addidit
872 2560 972 2623 lthet·
1029 2572 1064 2621 et
1095 2559 1172 2623 trib.
1195 2572 1390 2645 potestatem
1421 2579 1653 2638 roboravere,
1686 2578 1769 2645 pecu·

225 2656 356 2741 barb),
381 2679 519 2744 quoram
536 2681 619 2721 unus
632 2681 718 2722 nunc
736 2674 785 2723 est
803 2661 837 2723 in
856 2682 971 2725 musco
1029 2660 1104 2722 liari
1122 2660 1220 2725 modo
1238 2660 1444 2739 celebrasse,
1462 2674 1497 2725 et
1512 2682 1581 2745 per
1595 2660 1767 2745 provincias

227 2764 401 2827 Caesareo.
440 2761 532 2846 Ergo
564 2762 738 2846 Traianus,
772 2761 860 2846 quod
896 2784 971 2827 cum
1029 2752 1364 2846 celebrari'jassisss,
1386 2761 1436 2825 uti
1456 2762 1633 2842 norimus,
1659 2764 1769 2847 Vespr
1815 2790 1819 2795 ·

227 2866 375 2928 Romano
407 2862 483 2931 trib.
511 2864 680 2949 potestatis
712 2877 866 2947 computo
897 2885 972 2928 oon·
1029 2863 1120 2927 siano
1143 2864 1307 2949 placuisse
1325 2860 1489 2930 Kalendas
1510 2864 1611 2931 Iulias
1635 2868 1685 2951 ⁰),
1715 2866 1768 2933 Hs·

226 2966 331 3030 ciliari
353 2966 484 3050 nequit,
511 2963 861 3035 omninotribunatum
884 2968 971 3029 XXI.
1030 2965 1145 3029 driano
1171 2968 1226 3031 III.
1254 2967 1328 3031 idus
1350 2966 1491 3051 Augusti
1515 2965 1568 3051 d),
1598 2986 1766 3053 ergeuen

229 3068 343 3151 attigit.
381 3068 462 3128 Eam
486 3065 710 3130 difficultatem
734 3068 781 3130 sic
801 3069 972 3132 resolvere
1031 3070 1177 3146 Romae,
1201 3090 1239 3133 sc
1261 3091 1324 3155 per
1345 3066 1532 3153 provincias
1557 3090 1599 3133 er
1620 3070 1767 3135 sententis

227 3168 364 3231 tentarit
388 3169 556 3248 Belleyas.
596 3168 757 3250 supponit
784 3172 808 3235 1.
840 3190 880 3232 ex
910 3173 974 3234 cal·
1031 3169 1161 3253 Belleyi
1189 3169 1242 3235 die
1270 3172 1388 3239 XVIII.
1414 3170 1622 3255 Septembris
1644 3190 1769 3255 cormp-

230 3269 305 3333 calo
327 3268 465 3344 Norisii,
487 3290 605 3332 annam
627 3270 801 3350 Tyriorum
825 3273 973 3356 coepisse
1032 3272 1073 3336 tis
1101 3274 1184 3337 rotis
1210 3286 1367 3357 ageretur
1394 3273 1466 3334 xx.
1489 3272 1626 3358 Trajaui
1652 3260 1768 3349 mutia,

230 3372 283 3433 die
319 3372 405 3432 XIX.
436 3370 602 3435 Octobris.
655 3372 817 3455 Supponit
846 3376 904 3453 lI,
939 3389 976 3439 ut
1033 3373 1174 3437 eundem
1195 3388 1235 3439 et
1255 3394 1358 3459 egere
1382 3374 1495 3457 Tyrii,
1521 3374 1573 3441 sio
1594 3389 1719 3455 umen,
1739 3386 1769 3439 st

231 3473 371 3535 diximus
407 3495 522 3557 supra,
558 3474 733 3557 Trajsnum
768 3474 821 3539 die
856 3464 1002 3542 xv111.'
1034 3476 1146 3541 solidis
1162 3477 1219 3540 XI.
1236 3475 1403 3540 mensibus
1421 3476 1499 3544 trib.
1514 3492 1769 3561 potestatuum·

232 3574 435 3659 Septembris
467 3574 651 3658 adoptatum
682 3576 796 3643 fuisse.
838 3580 976 3643 Conclu·
1033 3577 1256 3663 ticipaverint,
1283 3579 1375 3663 cujus
1391 3578 1544 3659 iteratio,
1568 3580 1685 3647 saltem
1701 3582 1770 3643 Tra·

232 3676 279 3739 dit
308 3678 424 3761 igitur,
462 3677 580 3759 Tyrios
609 3702 627 3741 a
658 3678 745 3743 dioto
772 3680 976 3764 Septembris
1034 3681 1100 3763 jani
1123 3679 1230 3745 adhue
1257 3694 1383 3760 aetate,
1420 3704 1440 3745 s
1462 3680 1554 3747 dicto
1580 3682 1680 3749 marli
1701 3700 1770 3767 per·

232 3780 286 3842 dIc
309 3800 412 3863 usque
436 3777 475 3841 ad
500 3780 586 3840 XIX.
610 3779 765 3843 Octobris
787 3804 975 3847 numerasse
1035 3782 1156 3846 debat?
1198 3782 1436 3869 Aegyptiorum
1471 3782 1681 3870 exemplum,
1712 3783 1771 3871 qui·

231 3901 349 3943 annum
366 3880 524 3962 primum,
543 3882 701 3945 sumendo
720 3906 837 3969 anuum
855 3885 978 3948 incom·
1034 3885 1095 3948 bus
1116 3882 1207 3948 udde·
1224 3886 1409 3971 exemplum
1426 3882 1651 3951 Orientalium
1670 3886 1771 3949 iran-

231 3983 356 4066 pIetum
377 4002 438 4064 pro
458 3981 638 4065 completo,
664 3997 697 4046 et
715 3984 755 4046 ab
775 3985 839 4050 boc
858 3986 912 4051 die
930 3988 978 4049 in·
1034 3988 1096 4051 mis
1120 3982 1293 4055 ΕΤΟΤΣ.
1321 3982 1462 4051 NEOT.
1488 3984 1650 4066 IEPOT,
1673 3986 1771 4053 miuus

232 4085 368 4148 cboasse
394 4083 590 4160 seeundum,
615 4085 703 4169 quod
727 4088 826 4151 etiam
849 4090 890 4152 ab
914 4090 977 4152 Ae·
1033 4101 1126 4153 reete
1153 4086 1308 4173 qusdrst3
1340 4110 1413 4153 uam
1443 4088 1496 4153 illi
1521 4104 1626 4157 anuos
1651 4086 1770 4177 impedi

234 4186 351 4270 gyptiis
378 4185 497 4247 factam
521 4205 561 4247 ex
585 4187 691 4248 numia
712 4188 791 4271 ipsis
810 4190 977 4268 norimus,
1036 4192 1228 4268 Caesarum,
1248 4211 1316 4254 aon
1339 4189 1541 4255 tribunitiam
1567 4206 1769 4279 potestatem,
1803 4175 1811 4183 ³

234 4287 290 4372 qui
314 4308 431 4350 annam
459 4286 638 4351 secundum
663 4288 792 4373 imperii
817 4293 978 4376 Augusto·
1035 4291 1074 4358 sd
1099 4295 1175 4357 anni
1197 4291 1248 4357 sui
1268 4292 1412 4359 rationes
1428 4292 1768 4369 adcommodareruut,

234 4410 316 4451 ram
332 4410 502 4474 sempera
528 4389 582 4454 die
604 4391 712 4475 primo
733 4393 854 4457 mensis
874 4396 978 4474 I'bot,
1037 4417 1074 4460 ac
1101 4409 1279 4482 propterea
1306 4418 1373 4461 uon
1403 4396 1645 4483 inscripserunt
1673 4396 1768 4463 nauis

252 4613 303 4710 ᾖ)
322 4612 466 4687 Papam,
584 4614 619 4687 b)
641 4616 793 4693 Subplem.
809 4618 847 4674 sd
862 4618 949 4676 vaitt.
968 4639 997 4693 p.
1009 4622 1055 4684 60.
1173 4624 1205 4693 e)
1224 4622 1319 4682 Tacit.
1335 4622 1411 4679 ttiss.
1428 4620 1466 4679 11.
1481 4634 1526 4697 79.
1637 4622 1673 4697 d)
1690 4622 1769 4699 Sper-

237 4709 307 4754 tran.
