4012 5370
222 478 298 543 ιιι·
840 446 1154 525 ΑΝΤιΝονθ.

219 649 280 689 nus
293 622 448 688 Hadriani
462 622 495 683 in
512 620 598 682 irrue
615 638 753 702 puerum
772 636 874 696 amor,
892 638 966 702 pro·
1022 617 1075 702 giu
1096 617 1209 681 eritiea
1232 614 1361 695 nititur,
1390 619 1533 682 suimurn
1554 620 1629 703 jure
1657 618 1775 685 adrer-

219 751 263 792 no
284 727 487 789 Graecorum
514 720 647 805 ingenio
663 720 704 784 ad
725 722 965 787 consecrandos
1022 732 1104 783 tunt.
1126 720 1268 797 Constat,
1286 739 1382 804 quam
1397 741 1434 785 se
1450 720 1613 785 industrie
1627 722 1662 784 iu
1679 723 1772 787 effin-

218 831 315 893 etiam
343 828 453 903 rivos,
494 824 634 909 cuipiam
660 821 798 886 deornm
828 842 962 887 snorum
1020 819 1136 904 gendis
1149 822 1283 886 Antinoi
1296 820 1607 888 numisexerouerit
1624 823 1773 887 iniuriu-

221 930 540 1013 Antinoipersonam
556 924 687 1008 largiri,
710 938 744 987 ut
760 925 870 1008 paullo
888 938 963 1007 post
1021 942 1177 998 romum,
1208 937 1241 987 et
1258 921 1411 998 memini,
1441 923 1475 984 in
1493 922 1617 988 illustri
1632 926 1771 990 Christi·

219 1033 319 1097 iidem
341 1028 554 1093 Alexandrini
572 1026 770 1088 Antoninum
785 1027 899 1101 Pium,
930 1037 964 1087 et
1021 1043 1082 1086 nue
1106 1043 1237 1102 museo,
1257 1026 1292 1086 iu
1312 1046 1378 1112 quo
1402 1024 1569 1089 cimelium
1594 1026 1681 1089 illud
1705 1048 1773 1092 ser·

222 1132 406 1198 Faustinam
429 1131 521 1194 rivos
540 1126 706 1211 Serapidis
725 1141 759 1190 et
776 1127 868 1191 laidis
891 1145 964 1211 spe·
1021 1138 1132 1201 ratur,
1166 1123 1346 1191 offendisse
1367 1145 1422 1190 me
1444 1146 1561 1191 numos
1580 1148 1650 1192 non
1671 1130 1771 1193 medo

221 1238 271 1299 eie
291 1250 506 1319 proposuere.
539 1229 692 1325 Denique
711 1227 799 1315 quud
826 1226 966 1310 eumpri·
1020 1226 1093 1308 jure
1115 1240 1299 1308 suspectos,
1325 1227 1505 1292 sedetiam
1529 1230 1682 1319 antiquos
1700 1232 1770 1319 qui·

220 1338 281 1399 mis
298 1330 553 1406 observandum,
584 1330 617 1391 in
635 1331 698 1395 lme
719 1349 850 1414 quoque
864 1349 964 1393 numo
1022 1326 1115 1404 dem,
1145 1327 1205 1392 ssd
1220 1349 1304 1414 ques
1319 1328 1488 1394 recentior
1507 1328 1598 1395 ireos
1612 1331 1773 1417 deprava·

221 1437 329 1501 nullus
346 1433 458 1496 dubito
474 1434 654 1515 legendum
675 1433 716 1497 L.
741 1430 821 1508 nt,
841 1451 908 1494 nou
924 1432 964 1496 L.
1022 1429 1085 1505 sit,
1116 1428 1209 1512 eujus
1238 1431 1427 1516 exemplum
1448 1431 1529 1495 elim
1550 1434 1713 1519 proposui
1736 1435 1771 1497 iu

221 1537 280 1614 H„
313 1536 401 1621 quod
430 1548 466 1597 nt
492 1534 639 1611 credam,
675 1533 755 1598 sarit
781 1533 966 1596 simillimus
1021 1530 1104 1594 meis
1118 1531 1232 1596 Numis
1246 1534 1385 1599 veterib.
1404 1554 1438 1617 p.
1454 1534 1533 1612 ado,
1557 1549 1594 1599 at
1611 1536 1647 1597 in
1665 1536 1773 1601 oredi-

222 1641 307 1703 alter
325 1638 366 1701 ub
385 1635 630 1699 adcuratissimo
650 1639 762 1720 Zoe'gu
789 1654 830 1697 ex
851 1653 965 1697 museo
1023 1646 1058 1696 to
1072 1632 1206 1698 Antinoi
1228 1654 1345 1711 numo,
1370 1632 1412 1698 de
1434 1654 1500 1720 qno
1517 1636 1574 1719 egi
1599 1636 1636 1700 in
1660 1638 1770 1724 speria

222 1743 311 1825 regis
328 1738 506 1802 Galliarum
528 1735 722 1821 descriptus,
742 1749 776 1800 et
791 1737 830 1801 L.
845 1734 902 1801 nl
920 1736 969 1797 in-
1022 1736 1205 1819 praesentis
1224 1736 1390 1801 volumine
1402 1737 1445 1797 ΙΙ.
1460 1738 1577 1820 plrod.
1824 1806 1826 1813 ,

221 1842 359 1925 scriptus
375 1842 419 1921 ¹),
438 1858 535 1922 quem
559 1839 677 1903 deinde
698 1838 824 1902 ratione
843 1850 969 1922 tempo·
1086 1837 1137 1897 Ex
1154 1835 1205 1899 his
1216 1838 1384 1922 sequitur,
1406 1835 1529 1902 nullum
1543 1838 1641 1903 nobis
1653 1858 1700 1904 ex
1716 1860 1772 1905 uu·

221 1944 268 2006 ris
286 1942 440 2006 contiuuo
465 1940 614 2026 sequitur
634 1941 751 2005 citatus
772 1940 969 2024 Haymisnns
1023 1936 1085 1999 mis
1108 1936 1264 2001 haetenus
1283 1939 1422 2022 coguitis
1446 1937 1572 2024 imponi
1595 1943 1771 2007 nenessita·
1822 2012 1825 2021 ,

223 2064 296 2108 oum
315 2064 400 2107 auno
415 2042 503 2105 tux.
832 2048 838 2061 '
1023 2050 1091 2101 tem
1114 2038 1249 2103 Antinoi
1268 2054 1410 2105 mortem
1435 2040 1651 2126 sntieipandi,
1678 2042 1769 2129 'quod

287 2149 329 2208 At
351 2144 534 2208 molestiam
559 2141 664 2208 sdhuc
691 2143 822 2208 sucessit
850 2162 967 2206 numus
1020 2139 1102 2204 elim
1124 2141 1251 2205 censuit
1268 2140 1506 2207 Buonsrrotins
1524 2138 1572 2227 b).
1612 2140 1706 2239 Quin
1728 2163 1769 2209 ex

196 2250 277 2313 'lll.
306 2266 485 2310 cumauro
511 2246 599 2309 Xlll.
647 2246 777 2308 Etenim
805 2264 879 2308 enm
902 2244 968 2305 An·
1025 2242 1129 2305 nemis
1150 2243 1229 2324 ipsis
1251 2242 1402 2313 Antinoi,
1431 2262 1571 2326 quorum
1592 2243 1676 2307 eerti
1697 2264 1768 2309 eun

222 2351 328 2410 tineus
345 2350 378 2407 in
402 2348 461 2408 illo
483 2348 546 2426 jum
565 2346 690 2407 dicatur
712 2348 811 2404 Aeros
829 2363 967 2407 neeesse
1025 2362 1110 2404 anno
1138 2342 1296 2405 lladriani
1324 2344 1442 2412 xvlll.
1474 2343 1654 2429 incipiunt,
1696 2346 1770 2409 salis

223 2464 282 2521 est,
301 2451 333 2507 in
350 2447 484 2507 niort-uis
503 2466 574 2506 eum
591 2445 654 2526 jaus
675 2444 774 2505 fuisse
789 2463 873 2505 auno
891 2444 969 2506 Ale·
1025 2442 1197 2506 manifeste
1214 2444 1357 2521 eruitur,
1375 2456 1441 2508 tam
1458 2456 1586 2509 mature
1603 2444 1675 2527 ejus
1689 2466 1769 2510 mor·

222 2547 453 2610 :undrinorum
478 2547 581 2621 Xlll.,
619 2544 674 2629 qui
704 2544 815 2627 eoepit
848 2564 969 2608 exeun-
1026 2556 1094 2605 rem
1110 2562 1177 2605 non
1195 2563 1269 2606 esse
1288 2544 1560 2611 eonstituendsm.
1598 2548 1681 2609 Nam
1702 2546 1771 2631 quis

222 2664 256 2712 te
282 2652 429 2731 Augusto
454 2648 528 2709 anni
553 2648 594 2712 V.
617 2646 654 2709 C.
679 2646 760 2722 881,
783 2644 871 2730 quod
892 2665 969 2709 sane
1026 2644 1155 2721 credat,
1177 2645 1205 2707 si
1223 2644 1399 2708 Antinoum
1420 2666 1496 2711 eum
1511 2646 1681 2713 Chrouioo
1698 2646 1770 2711 Ale·

223 2752 412 2815 adversatur
438 2746 619 2812 sententise
646 2761 794 2824 nostrae,
824 2768 904 2831 qus,
934 2761 971 2811 ut
1027 2745 1187 2809 xandrino
1211 2758 1379 2809 mortuum
1400 2768 1485 2813 anno
1505 2749 1550 2818 V.
1569 2750 1607 2815 C.
1626 2750 1694 2827 87⁵
1714 2762 1771 2813 sls-

222 2876 320 2937 snpra
342 2853 376 2914 in
399 2850 555 2913 Hadriani
580 2850 685 2911 numia
713 2870 786 2934 pag.
806 2852 869 2933 489
894 2868 970 2933 pro·
1022 2858 1169 2923 tuamne,
1199 2847 1368 2912 continuis
1398 2850 1513 2935 primis
1546 2850 1659 2928 annis,
1696 2849 1770 2913 dum

224 2957 386 3027 hesimus,
425 2953 592 3027 statuitur,
629 2950 829 3012 Hadrianum
863 2952 903 3015 V.
929 2952 966 3012 C.
1027 2966 1145 3011 reeens
1182 2946 1245 3012 fnit
1274 2950 1436 3015 Hadriani
1473 2950 1589 3030 dolor,
1627 2954 1770 3037 atqusis

224 3061 286 3122 883
309 3058 440 3120 demum
466 3054 564 3116 fuisse
588 3055 621 3113 iu
641 3054 810 3134 Aegypte,
838 3071 875 3112 ac
900 3065 967 3112 tum
1024 3069 1101 3112 mox
1127 3065 1351 3129 consecratus,
1382 3066 1417 3116 et
1440 3054 1592 3117 amnibus
1615 3068 1767 3118 martarus

226 3173 389 3222 mortuum
431 3155 617 3217 Antinoum.
665 3153 813 3227 Interim,
839 3152 967 3228 fateor,
1020 3150 1221 3227 honoribus,
1264 3155 1385 3217 nullam
1410 3154 1451 3219 ab
1474 3154 1767 3220 Alexandrinisei

224 3284 290 3323 ιιοιι
312 3280 424 3342 parurn
457 3254 605 3330 vellicat,
639 3274 710 3317 non
733 3254 850 3330 ruodo,
881 3254 967 3339 quod
1025 3253 1205 3317 dedicatam
1238 3268 1419 3333 monetam,
1453 3256 1518 3320 nisi
1547 3254 1688 3322 veli-u·
1714 3276 1768 3318 uu·

226 3364 338 3425 unicus
362 3362 388 3421 is
407 3371 458 3421 est
474 3378 549 3421 cum
570 3357 632 3419 hoo
649 3378 734 3419 snno
754 3355 889 3418 Antinoi
910 3376 969 3417 nn·
1025 3377 1096 3417 mos
1120 3355 1203 3418 intrs
1221 3357 1284 3420 hoo
1299 3371 1428 3441 tempus
1444 3376 1542 3423 cusos
1566 3378 1684 3423 omnes
1704 3356 1767 3421 ior·

226 3488 314 3537 mus,
338 3480 444 3545 neque
470 3480 512 3521 ex
534 3459 787 3541 opulentissimis
808 3458 879 3520 aliis
901 3478 969 3519 mn-
1020 3458 1108 3521 tuito
1138 3456 1327 3542 deperditur
1356 3458 1529 3537 adserere,
1567 3460 1701 3525 tandem
1730 3456 1768 3520 alr

226 3568 290 3629 seis
305 3566 375 3647 ejus
392 3563 505 3624 similis
526 3560 692 3643 cognitus,
713 3559 775 3623 sed
789 3559 969 3621 multoms-
1025 3578 1109 3621 anno
1137 3559 1179 3625 V.
1199 3558 1236 3621 C.
1257 3560 1321 3641 007
1350 3574 1424 3643 post
1445 3580 1607 3623 annorum
1628 3562 1701 3625 ΧΠ.
1721 3562 1766 3622 in·

191 3742 205 3759 ⁸
227 3670 277 3750 gis
299 3667 394 3728 etiam
418 3662 506 3748 quod
527 3683 646 3724 numus
673 3662 726 3724 hic
751 3680 794 3722 ex
816 3659 968 3722 omnibus
1026 3658 1216 3735 terrallum,
1250 3681 1323 3725 eum
1353 3661 1417 3744 jam
1446 3662 1615 3747 paullatim
1646 3662 1767 3727 resedit

226 3775 340 3832 unicus
365 3781 430 3840 est,
460 3767 514 3848 qui
549 3785 665 3825 annum
691 3764 778 3825 xm.
801 3762 848 3824 aie
870 3761 968 3843 plene
1026 3760 1140 3835 dolor,
1169 3775 1265 3845 atque
1289 3764 1360 3846 ejus
1379 3762 1578 3829 obsumadt
1595 3764 1767 3835 eontentio,

224 3859 693 3933 l..TPlCKAIAGKATOT.
703 3864 884 3947 perscribat
894 3884 969 3926 coo·
1026 3874 1161 3944 coeptos
1180 3862 1256 3928 endi
1280 3885 1398 3928 numos
1420 3885 1494 3929 eum
1523 3866 1596 3949 ejus
1619 3867 1765 3951 imagine,

227 3990 278 4036 rra
308 3973 414 4034 omnia
436 3971 497 4031 alia
530 3964 696 4048 exempla,
729 3984 803 4026 cum
832 3965 866 4025 in
896 3965 969 4027 aliis
1025 3984 1063 4026 ae
1091 3964 1247 4049 deinceps
1264 3987 1326 4050 per
1347 3967 1514 4053 reliquum
1530 3968 1690 4034 Hadriani
1712 3968 1766 4031 im·

227 4076 332 4137 unmis
361 4073 533 4143 Hadriani,
565 4066 736 4139 Antonini,
767 4065 895 4128 Aurelii
922 4066 967 4128 le·
1024 4066 1153 4148 perium
1176 4068 1405 4132 continuatos?
1437 4070 1577 4135 Aeeedit
1598 4090 1765 4155 argumen-

228 4192 320 4260 gatnr
332 4178 370 4240 L.
382 4168 588 4237 ΤΡΙΟΚΔΕ.
603 4169 671 4231 vel:
686 4166 879 4229 TPICKAI.
895 4168 966 4230 vele
1026 4181 1093 4228 tum
1111 4168 1214 4244 aliud,
1233 4182 1346 4254 atque,
1368 4172 1433 4234 etsi
1449 4170 1620 4253 sierrrnres,
1649 4192 1763 4258 nequa·

227 4275 469 4352 TPICKMA,
484 4294 591 4359 neque
607 4271 711 4334 aliter.
735 4269 834 4353 Atqui
853 4269 969 4331 similia
1027 4290 1121 4352 quam
1148 4284 1273 4343 tamen,
1305 4283 1342 4332 nt
1364 4272 1498 4356 opinor,
1530 4272 1690 4359 ignobile.
1729 4271 1763 4337 ti

229 4382 414 4454 observata,
441 4394 477 4441 ut
490 4380 524 4440 in
543 4375 613 4439 aliia
633 4373 737 4436 causis
758 4371 841 4433 levia
862 4371 969 4433 rideri
1025 4371 1113 4454 juxta
1138 4372 1292 4437 chronici
1308 4372 1523 4438 Alexandrini
1546 4376 1761 4439 testimouium

229 4497 377 4565 possunt,
397 4482 442 4545 sic
459 4483 492 4542 iu
509 4482 628 4556 numis,
647 4478 680 4537 in
698 4472 813 4557 quibus
829 4472 969 4557 plrilolo-
1026 4476 1092 4557 jam
1107 4495 1191 4539 enno
1209 4476 1251 4542 V.
1271 4476 1308 4540 (ἒ.
1328 4476 1392 4557 875
1411 4477 1446 4539 in
1459 4477 1613 4563 Aegypto
1630 4476 1691 4558 fnit
1703 4476 1760 4547 nu

267 4700 291 4743 a·
315 4691 402 4745 Numi
416 4695 540 4766 Aegypt.
559 4708 588 4765 p.
601 4691 660 4750 1t6.
675 4706 703 4742 n.
720 4695 782 4779 538..
858 4684 892 4756 bf
912 4685 1032 4742 Osserr.
1047 4684 1125 4740 istor.
1142 4702 1171 4758 p.
1182 4686 1226 4746 26.
1339 4698 1355 4715 ··
