4012 5370
551 470 572 522 l
681 479 732 551 tt.
763 477 1083 567 ANTONIVS.

201 641 226 704 ri
246 662 343 726 posse
361 663 499 705 causam.
526 643 687 725 Primam,
709 649 852 732 quater

201 768 211 809 t
241 746 339 806 rideo
367 747 415 825 ¹),
453 746 631 808 Antonium
665 750 729 832 jam
767 772 851 814 anno

201 896 202 907 ,
233 850 317 927 718,
354 862 386 909 ct
422 847 510 931 quod
543 850 706 932 sequitur,
746 853 851 913 amico

201 949 397 1039 rCaesare,
436 950 482 1010 sic
514 951 707 1032 Cleopatrae
739 975 850 1016 amore

201 1050 310 1125 luisse,
341 1064 460 1110 utnon
484 1050 663 1129 dubitaret,
695 1055 777 1117 natis
806 1077 848 1117 ex

201 1165 211 1212 t
231 1152 405 1235 Cleopatra
427 1151 539 1213 liberis
558 1154 674 1217 multas
690 1157 846 1235 Arabiae,

201 1254 301 1331 uices,
344 1254 562 1331 Palaestinae,
612 1257 730 1322 Cretae
773 1282 846 1343 par·

201 1378 294 1441 psam
316 1356 412 1419 etiam
436 1352 604 1441 Cyrenen,
632 1373 666 1422 ct
683 1361 842 1445 Cyprum,

202 1481 259 1523 nas
301 1480 419 1541 nempe
463 1460 646 1543 provincias
692 1464 825 1548 elargiri
836 1451 852 1542 ,¹

201 1565 235 1628 V.
255 1563 292 1624 C.
312 1581 394 1639 720,
419 1576 453 1624 ut
479 1561 518 1622 ad
544 1563 771 1629 huncannum
800 1568 846 1629 di·

201 1663 424 1725 »ulcherrimas
456 1663 572 1725 iisdem
603 1666 718 1744 Asiae,
758 1668 845 1729 Afri-

201 1785 220 1825 e
262 1765 445 1846 provincias
487 1765 653 1832 addicere.
704 1771 844 1831 Tantum

201 1888 220 1928 s
249 1866 305 1949 qui
335 1888 429 1929 ausus
457 1884 527 1930 erat
552 1871 657 1952 palam
686 1884 781 1954 atque
809 1868 843 1931 iu

201 1981 370 2042 sttentare,
399 1968 502 2030 levius
527 1986 617 2033 certe
643 1972 766 2059 aliquid
789 1994 844 2034 au-

201 2083 240 2144 st,
272 2083 346 2130 cum
375 2069 408 2130 in
439 2086 569 2133 moneta
592 2073 651 2133 hac
675 2094 776 2134 aenea
794 2086 844 2135 at·

201 2169 317 2252 gnobili
340 2171 490 2254 reginam
519 2174 672 2256 pellicem
703 2174 765 2235 sibi
791 2194 842 2236 so·

201 2284 241 2332 est
260 2294 389 2353 passus,
411 2295 519 2358 neque
534 2261 673 2338 ¹necesse
692 2288 741 2337 est
762 2296 836 2336 cum

201 2373 289 2433 aleno
319 2389 477 2452 statuere,
514 2398 581 2438 non
611 2398 708 2459 posse
738 2378 840 2439 Anto·

205 2494 278 2535 cum
310 2478 483 2560 Cleopatra
511 2481 663 2562 componi
687 2493 760 2542 ante
786 2502 839 2541 an·-

201 2576 235 2642 V.
260 2579 297 2642 C.
322 2597 402 2658 7oe,
425 2599 495 2662 quo
517 2580 648 2642 tandem
672 2594 767 2663 rupta
793 2579 841 2641 in-

201 2691 356 2763 trumque
400 2682 552 2745 Illvirum
590 2672 669 2765 pax,
711 2681 838 2765 quando

227 2796 302 2843 ante
333 2784 509 2844 Antonium
546 2784 694 2864 graviora
725 2767 842 2844 ausum¹

203 2904 252 2946 us.
282 2885 396 2944 Altera
420 2904 513 2945 causa
536 2886 604 2967 peti
631 2897 739 2967 potest
760 2906 779 2944 a
800 2883 838 2943 li·

236 2985 489 3066 praefectorum.
533 2986 683 3061 Constat,
719 2986 838 3046 horum

220 3106 302 3169 quos
326 3086 512 3151 reverentia
535 3087 673 3149 Romani
697 3085 837 3149 nominis

201 3231 210 3262 ,
230 3187 375 3267 graviter
389 3188 501 3248 tulisse
518 3188 731 3250 immoderata
754 3188 836 3251 haec

204 3287 281 3348 ii‘iu
304 3289 508 3371 Cleopatram
534 3275 654 3365 studia,
679 3302 712 3350 et
735 3290 835 3351 fuisse

201 3433 208 3465 ,
238 3389 293 3472 qui
324 3389 383 3452 hac
413 3412 474 3451 una
503 3391 543 3452 de
573 3412 666 3452 causa
692 3390 732 3453 ad
758 3393 838 3452 Cae·

201 3504 305 3573 partes
327 3491 512 3554 transirent.
542 3493 586 3554 At
607 3493 701 3553 fuere
725 3492 836 3569 etiam,

202 3593 269 3675 rpis
287 3605 439 3675 quaestus
464 3612 558 3654 causa
581 3614 651 3655 eam
680 3593 835 3655 insaniam

201 3692 347 3768 erebant,
387 3692 440 3754 aut
474 3694 570 3755 etiam
604 3694 834 3777 approbabant.

202 3815 274 3855 rum
288 3814 428 3856 numero
443 3796 543 3858 luisse
560 3798 728 3858 Canidium
743 3798 836 3859 Cras·

209 3916 305 3956 unum
334 3917 375 3959 ex
405 3899 588 3981 praecipuis
615 3900 748 3961 Antonii
777 3898 836 3959 du·

221 3999 311 4059 nurui
330 3998 394 4081 ipsi
415 3999 553 4082 docent,
580 4024 651 4062 nam
671 4022 737 4061 non
761 4021 834 4061 eru·

201 4097 292 4162 bomo
329 4100 491 4183 impurus,
534 4123 633 4163 numo
670 4101 833 4185 Aegyptio

201 4214 282 4262 strae
299 4202 419 4278 solius,
443 4225 539 4286 quem
566 4204 598 4264 in
623 4203 716 4284 liujus
745 4202 831 4283 regi·

201 4287 311 4370 toneia
343 4302 541 4386 descriptum
577 4304 743 4379 dedimus,
774 4323 831 4364 no·

201 4424 279 4463 tuum
303 4403 498 4484 inscribere,
519 4406 672 4468 nimirum
693 4421 729 4468 ut
752 4427 830 4491 que·

201 4503 401 4587 baratinam:

1611 501 1664 580 63'

943 649 952 687 ³¹
976 645 1264 736 Romanusdelseu
1277 663 1406 739 posteri
1421 662 1604 744 negabitis)

1017 757 1257 835 Emanciputus
1268 761 1424 840 florinae

972 859 1048 921 Fert
1067 856 1260 947 vallumnet
1284 881 1377 923 arum
1396 864 1511 939 aniles,
1531 874 1564 923 et
1582 883 1656 943 spa·

977 1031 982 1048 ,
1231 958 1236 963 ·
1280 942 1289 964 ’
1431 964 1572 1024 conatu.

974 1057 1105 1121 Seruire
1125 1064 1257 1140 rugosis
1271 1073 1393 1142 potest.

905 1162 1014 1245 Atque
1042 1158 1105 1221 huc
1134 1179 1213 1224 sere
1238 1156 1403 1242 pertinet,
1434 1161 1523 1247 quod
1548 1160 1654 1227 refert
1703 1180 1706 1188 “

903 1263 968 1325 Dio
990 1264 1038 1346 c),
1068 1256 1274 1343 Cleopatram
1302 1264 1347 1325 ita
1372 1263 1436 1325 sibi
1456 1264 1652 1358 Antonium,
1737 1293 1739 1300 s

902 1378 937 1429 et
966 1368 1122 1442 ceteros,
1159 1362 1215 1448 qui
1243 1363 1277 1425 in
1310 1364 1417 1450 aliqud
1452 1366 1540 1451 apud
1576 1388 1654 1432 eum

900 1465 1141 1528 existimatione
1167 1462 1313 1544 fuerant,
1344 1468 1436 1533 velut
1463 1468 1652 1533 incantatio-

902 1589 945 1631 ne
976 1565 1114 1652 quadam
1151 1566 1356 1644 devinxisse,
1389 1583 1425 1630 ut
1457 1571 1519 1632 sihi
1548 1571 1652 1654 impe·

901 1668 986 1730 rium
1003 1669 1036 1729 in
1049 1667 1215 1730 Romanos
1231 1668 1319 1750 ipsos
1337 1669 1474 1733 auderet
1487 1671 1649 1754 polliceri.

901 1772 1032 1831 Horum
1056 1754 1139 1852 erpo
1161 1769 1232 1843 alii,
1255 1770 1311 1852 qui
1332 1773 1433 1852 magis
1456 1771 1558 1834 sobrii
1578 1774 1650 1837 fue·
1699 1747 1732 1768 .„

899 1892 957 1948 re,
990 1883 1142 1954 poterent
1170 1872 1312 1932 Antonio
1340 1872 1508 1936 Octaviam
1537 1874 1648 1957 conju·

901 1994 977 2057 gem
1006 1971 1203 2054 legitimam,
1234 1973 1289 2043 alii
1321 1975 1526 2058 Cleopatram
1560 1974 1651 2036 adul·

900 2088 1002 2136 teram
1026 2073 1163 2137 sociare.
1195 2074 1263 2134 Sed
1285 2074 1367 2138 haec
1387 2077 1550 2158 copiosius
1573 2076 1649 2138 illu·

892 2173 1030 2237 -stranda
1050 2176 1274 2256 permittamus
1292 2178 1449 2259 tempori,
1473 2178 1560 2261 quod
1580 2178 1648 2241 for·

897 2290 930 2361 te
951 2275 1125 2360 aliquando
1142 2277 1368 2368 plluressbujus
1385 2281 1568 2362 argumenti
1588 2302 1647 2342 nu·

897 2399 985 2450 mos,
1006 2398 1132 2462 eosque
1154 2379 1257 2464 magis
1278 2380 1426 2464 integros
1449 2380 1644 2463 spectandos

898 2478 998 2545 dabit.
1125 2492 1128 2498 ’

962 2582 1145 2663 Supersunt
1160 2580 1348 2664 explicanda
1365 2582 1489 2666 aliqua,
1508 2603 1589 2665 quae
1603 2583 1646 2647 ad

896 2680 1133 2765 inscriptionis,
1157 2696 1191 2746 et
1210 2697 1302 2767 typos
1324 2695 1481 2767 spectant.

960 2787 997 2844 lu
1015 2783 1180 2846 nonnullis
1197 2798 1271 2866 post
1289 2805 1404 2846 omnes
1424 2785 1582 2867 praelecti
1606 2787 1645 2848 ti-

896 2886 982 2946 tulos
1001 2885 1163 2946 adduntur
1182 2885 1297 2947 literae
1315 2887 1353 2948 F.
1369 2887 1404 2948 C.
1427 2888 1551 2949 Novam
1572 2906 1645 2946 sen·

895 2986 1029 3047 tentiam
1047 2968 1249 3047 commentus
1265 2998 1315 3048 est
1332 2985 1499 3061 Panelius,
1514 3007 1572 3048 eas
1588 3008 1644 3049 ex·

893 3087 1034 3169 plicans:
1064 3087 1304 3150 PRAEFectus
1330 3088 1458 3149 CLnssi
1480 3087 1644 3149 Foedera·

895 3200 1006 3250 terum
1029 3189 1225 3268 copiarum,
1255 3209 1350 3271 quam
1371 3187 1517 3248 refutare
1539 3188 1642 3273 piget}

895 3289 958 3349 Eas
981 3281 1092 3351 literas
1111 3289 1175 3372 jam
1199 3288 1368 3350 babuimus
1390 3290 1422 3350 in
1446 3289 1551 3351 numis
1572 3291 1642 3356 Vti-

893 3410 970 3467 cae,
1001 3403 1035 3452 et
1062 3390 1097 3450 in
1125 3388 1266 3453 denariis
1294 3389 1409 3473 Eppii,
1439 3388 1472 3449 in
1501 3411 1640 3474 quornm

896 3489 1044 3553 examine
1061 3490 1216 3566 diximus,
1239 3511 1297 3552 eos
1315 3490 1516 3572 significare:
1540 3491 1640 3554 Flan-
1662 3477 1664 3481 ¹

893 3595 987 3668 dum,
1005 3593 1059 3656 vel
1077 3593 1279 3655 Feriundum
1294 3593 1448 3667 Curavit,
1467 3590 1563 3674 quam
1582 3614 1639 3656 ex·

893 3693 1101 3775 plicationem
1123 3692 1236 3754 maluit
1258 3711 1387 3775 quoque
1405 3692 1576 3755 Bimardus
1593 3692 1641 3776 d).

892 3793 1021 3857 Literas
1051 3794 1085 3856 in
1114 3793 1165 3855 bis
1192 3794 1299 3856 numia
1325 3791 1484 3856 solitarias
1506 3796 1556 3871 A,
1589 3782 1636 3872 B,

891 3890 932 3971 Γ,
968 3894 1015 3971 Δ,
1050 3895 1097 3957 ΔΙ
1127 3917 1193 3958 non
1223 3914 1320 3978 posse
1352 3893 1497 3958 indicare
1531 3917 1633 3958 annos

891 3998 1134 4079 praefecturae,
1164 3997 1224 4059 sed
1249 4008 1364 4057 notare
1386 3995 1507 4080 aliquid
1528 3998 1635 4059 incer·

890 4112 979 4176 tum,
1014 4121 1111 4182 supra
1139 4099 1172 4159 in
1203 4097 1280 4182 ipsis
1311 4097 1361 4159 his
1391 4099 1632 4161 commentariis

889 4200 1038 4262 diximus.
1074 4204 1188 4283 Ignota
1227 4200 1324 4262 etiam
1364 4200 1555 4283 significatio
1592 4200 1631 4261 li·

888 4315 1031 4364 terarum
1047 4304 1120 4379 HS,
1144 4321 1226 4385 quae
1248 4300 1372 4363 suntin
1391 4299 1555 4362 nonnullis
1578 4311 1631 4364 'ae-

887 4404 957 4465 neis
989 4404 1120 4486 majoris
1148 4402 1289 4466 formae.¹
1322 4402 1565 4483 llavercampus
1588 4403 1631 4464 si·

888 4505 958 4566 mili
982 4519 1058 4568 nota
1084 4504 1116 4564 in
1140 4524 1239 4565 numo
1262 4502 1401 4564 Atratini
1427 4501 1557 4584 putabat
1581 4507 1629 4566 in-

201 4708 404 4781 ..Xttteaa
479 4713 512 4780 bs.
536 4705 890 4790 l·'.pod.t)d.lt'.r.11.‘
936 4692 1134 4782 c)'1..1..§.5.
1209 4705 1625 4786 djadlobcrt.t'.11.p.136.
