4012 5370
815 453 1183 535 uuunrsuvs.
1714 481 1787 552 ω

275 623 386 687 Rebus
404 622 554 686 omnibus
573 623 605 685 in
628 625 720 707 Syrie
745 624 900 690 ordinatis
918 628 983 690 Ha·
1039 650 1100 691 uus
1128 633 1175 694 ad
1199 629 1411 715 restruendam
1436 636 1666 698 tristissimam
1689 637 1731 699 de
1752 658 1789 701 ee

231 727 380 789 drinaum
394 746 456 809 per
468 725 633 808 Illyricum
647 731 784 791 Romam
796 729 982 811 proiectum
1040 735 1243 814 opinionem,
1262 735 1349 811 quod
1363 736 1473 798 occidi
1484 755 1605 817 passae
1619 750 1705 800 esset
1720 758 1786 800 uno

231 828 338 893 refert
362 829 569 912 Spartianus,
597 844 693 916 atque
716 829 800 893 istud
823 831 980 895 accidisse
1039 844 1184 916 tempore
1198 847 1343 913 quatuor
1355 835 1561 914 consulares,
1583 837 1720 901 Romam
1736 861 1788 901 ve·

230 933 295 996 boe
311 953 412 1008 anno,
436 954 497 1015 per
513 932 703 1015 inscriptum
721 933 816 998 COS.
833 937 871 999 ll.
886 947 982 998 teste·
1037 936 1196 995 ait-net
1208 937 1253 998 aa
1262 937 1538 1018 comprimendam
1551 939 1591 1000 de
1611 921 1798 1022 sesamam

230 1052 285 1099 tur
301 1057 417 1098 numus
433 1056 601 1118 praesens.
1034 1036 1244 1116 congiarium
1255 1038 1377 1121 duplae
1386 1058 1542 1120 praesens
1549 1041 1673 1121 popule
1684 1041 1785 1118 dedit,

231 1187 235 1199 ,
397 1141 442 1201 Vt
461 1140 513 1198 Iit.
529 1138 584 1199 F„
1035 1140 1143 1210 ternis
1152 1138 1224 1215 jam
1235 1139 1460 1220 persingulas
1474 1141 1635 1202 anteisse
1652 1142 1785 1203 absente

229 1231 332 1301 AVG.
355 1239 457 1302 GER.
479 1237 579 1300 Dae.
603 1237 700 1302 PAR.
722 1238 759 1303 P.
781 1240 827 1303 M.
853 1239 921 1304 TR.
941 1240 979 1304 P.
1036 1239 1164 1301 diuisis.
1185 1237 1352 1302 Habemus
1367 1258 1449 1323 ergo
1464 1237 1528 1321 jam
1543 1241 1706 1324 congiaria
1719 1253 1784 1304 ter·-

230 1335 326 1399 COS.
350 1335 498 1400 1TE1t0.
522 1340 597 1415 (sie)
621 1338 655 1403 S.
673 1340 710 1399 P.
727 1337 767 1433 Q.
784 1341 824 1406 R.
855 1342 979 1422 figura
1035 1360 1093 1415 na,
1129 1361 1228 1402 unum
1253 1340 1328 1405 anui
1347 1341 1575 1425 praecedentis
1604 1342 1784 1405 distributis

228 1439 391 1500 militaris
418 1449 512 1500 stans
542 1442 573 1502 d.
600 1440 752 1517 bustam,
788 1462 815 1505 s.
839 1459 978 1524 parazo-
1035 1438 1156 1503 viritim
1172 1441 1278 1505 numia
1295 1442 1403 1506 aureis
1418 1443 1539 1519 ternis,
1565 1444 1706 1507 alterum
1728 1442 1785 1506 du-

228 1541 333 1601 aium.
357 1540 426 1598 att.
450 1541 549 1620 (Mus.
564 1541 673 1622 Caes.)
815 1591 819 1594 «
1036 1542 1113 1625 ples
1130 1541 1225 1625 hujus
1239 1544 1324 1620 anni,
1340 1544 1427 1628 quod
1439 1558 1551 1607 temen
1566 1544 1704 1608 fortasse
1719 1565 1783 1607 unc

269 1642 366 1702 Hunc
395 1662 528 1702 numum
562 1641 639 1703 olim
673 1641 803 1725 vulgavi
830 1652 873 1718 ¹),
912 1663 977 1736 peu
1036 1643 1172 1707 nomine
1197 1644 1259 1707 fuit
1284 1645 1507 1727 int-ellectum3
1542 1667 1615 1709 nam
1641 1640 1784 1711 liberali-

226 1741 328 1805 ruodo
352 1742 439 1825 qucd
462 1744 494 1803 in
520 1742 668 1825 pluribus
695 1744 799 1805 causis
826 1742 938 1807 differt
961 1766 979 1808 a
1034 1758 1083 1807 tas
1098 1747 1152 1810 111.
1174 1747 1318 1809 occurrit
1338 1745 1469 1809 demum
1490 1747 1522 1808 in
1542 1746 1710 1810 consulatu
1727 1749 1782 1810 111.

227 1844 369 1928 cognitis
398 1844 555 1907 hactenus
583 1844 741 1907 Hadriani
767 1845 889 1923 numia,
918 1846 978 1908 sed
1035 1847 1151 1910 Fuisse
1167 1847 1781 1933 tamendistributardivereoternpore,

225 1947 324 2009 etiam
352 1960 489 2029 propter
517 1946 715 2029 singularem
739 1947 871 2010 mudum
899 1948 977 2010 scri·
1033 1962 1172 2033 uterque
1190 1949 1253 2014 hcc
1270 1950 1346 2013 loce
1361 1948 1508 2014 laudatus
1530 1972 1646 2015 numus
1668 1951 1781 2026 docet,

224 2049 273 2132 pti
297 2047 434 2110 ITERO
457 2069 518 2132 pro
540 2050 726 2117 ITERVM.
764 2048 867 2127 Vide,
894 2071 976 2135 quae
1033 2071 1171 2133 quorum
1210 2051 1302 2134 prior
1336 2052 1529 2136 simpliciter
1557 2054 1628 2117 ΤΒ.
1658 2051 1779 2126 ΡΟΤ.,

224 2150 271 2212 ibi
300 2151 438 2233 amplius
471 2149 642 2233 disputavi.
680 2153 835 2214 Ceterum
860 2173 976 2216 numus
1033 2151 1092 2214 aed
1110 2153 1193 2214 alter
1211 2156 1280 2218 ult.
1298 2155 1335 2217 P.
1353 2157 1390 2219 11.
1411 2154 1578 2230 enunciat,
1603 2153 1667 2215 aiei
1690 2154 1779 2216 icrtc

223 2267 276 2316 est
296 2253 456 2336 elegantis
473 2254 601 2336 operis,
627 2265 661 2315 ut
685 2255 853 2338 vulgoest
870 2255 974 2329 omnis
1032 2252 1065 2313 in
1099 2254 1211 2338 priore
1251 2254 1470 2320 dissimulatur
1508 2256 1570 2318 fuit
1604 2276 1780 2332 numerus,

223 2354 381 2419 Hadriani
404 2369 552 2432 moneta,
583 2369 617 2418 et
637 2355 820 2420 nullatenus
844 2378 974 2443 suspec-
1007 2355 1120 2439 -qucd
1143 2355 1216 2419 sere
1240 2372 1425 2422 constanter
1442 2358 1476 2420 in
1493 2355 1649 2421 Hadriani
1668 2378 1779 2420 mone·

228 2473 289 2519 tus.
1030 2469 1063 2520 ta
1091 2457 1223 2523 iactum.
1266 2459 1459 2525 Vaillautiue
1493 2479 1632 2523 aeneum
1669 2458 1780 2543 prodi·

389 2563 434 2621 Vt
451 2561 504 2623 lit.
525 2561 563 2623 Β.
1031 2557 1079 2621 dit
1103 2559 1313 2645 inscriptum:
1343 2560 1648 2625 LIBERALITAS.
1675 2560 1777 2628 avG.

221 2662 735 2729 D1v0.Tttut.tN0.Ps'ru1.
766 2663 873 2744 Caput
895 2664 973 2726 Tra·
1030 2663 1071 2725 ll.
1101 2662 1308 2726 Liberalitas
1333 2677 1437 2728 stum.
1467 2665 1594 2732 Verum
1615 2681 1689 2727 cum
1715 2682 1777 2747 pre

216 2767 293 2844 jeai
310 2764 509 2829 laureatam.
533 2765 603 2830 AV.
622 2765 692 2827 AR.
709 2766 808 2846 (Mae.
828 2765 937 2846 Caes.)
1029 2781 1122 2828 mure
1153 2763 1292 2827 euticam
1323 2764 1479 2841 reticeat,
1514 2778 1610 2848 atque
1646 2763 1779 2847 ignore·

263 2866 342 2927 Fuit
374 2865 540 2928 Hadriano
576 2866 608 2926 iu
643 2866 758 2929 urbem
790 2865 904 2930 reduci
936 2867 971 2928 in
1029 2864 1214 2937 musadec,
1240 2877 1348 2927 utrum
1370 2886 1487 2927 numus
1512 2866 1655 2950 signatus
1677 2865 1720 2926 sit
1742 2865 1776 2925 in

220 2968 337 3053 primis
364 2970 466 3044 curis,
491 2968 524 3028 in
548 2969 702 3030 coelitum
724 2989 896 3031 nnmerum
917 2991 971 3054 pa·
1027 2965 1197 3030 consulatu
1221 2967 1261 3028 11.
1292 2966 1343 3028 rel
1370 2968 1443 3044 111.,
1477 2966 1601 3030 inutilis
1631 2965 1672 3029 ad
1703 2987 1778 3031 cau·

221 3085 307 3133 trem
329 3071 369 3132 de
391 3092 426 3132 ee
446 3072 568 3154 optime
590 3069 742 3134 meritum
763 3064 972 3147 referre,'ut
1028 3091 1096 3132 eam
1122 3081 1265 3130 nestram
1291 3067 1423 3130 omniuo
1450 3081 1510 3132 est.
1546 3069 1625 3130 Dixi
1647 3067 1692 3130 ad
1719 3091 1776 3131 nu-

220 3186 360 3235 testatur
387 3173 585 3256 Spartianus.
627 3171 700 3265 Qua
728 3172 815 3234 istud
844 3173 970 3236 ratione
1029 3192 1117 3233 mum
1135 3169 1274 3232 similem
1292 3170 1367 3233 anni
1387 3170 1525 3254 prioris,
1549 3184 1687 3257 utroque
1704 3170 1775 3236 viro

221 3275 436 3356 praestiterit,
462 3295 557 3355 supra
574 3273 606 3333 in
624 3273 699 3337 Divi
718 3275 849 3358 Trajaui
866 3275 972 3338 numia
1031 3274 1166 3338 sedente
1181 3272 1333 3337 exhiberi
1347 3295 1408 3358 par
1422 3273 1603 3351 centulum,
1619 3292 1681 3358 per
1694 3293 1775 3360 quoe

220 3376 372 3439 diximus.
1030 3376 1165 3440 absente
1178 3375 1344 3437 Hadriano
1355 3374 1532 3438 liberalitas
1544 3374 1774 3460 peragebatur.

387 3480 432 3538 m
450 3478 504 3542 m.
522 3478 557 3541 e.
1026 3480 1069 3540 at
1089 3498 1161 3540 cum
1179 3475 1345 3560 congiario
1361 3477 1457 3540 anea
1476 3477 1552 3539 anni
1572 3476 1668 3561 nujus
1688 3489 1773 3540 teste
1874 3463 1881 3474 ‘

223 3580 528 3641 LIBERALITAS.
563 3577 664 3642 AVG.
696 3579 828 3647 PONT.
861 3583 969 3647 MAX.
1026 3578 1198 3662 Spartirnc
1219 3578 1555 3663 adfueritimperator
1573 3578 1664 3662 ipse,
1689 3577 1774 3661 ejus-

222 3680 556 3745 'rtt.P0'r.COS.1t.
572 3681 652 3746 S.C.
670 3683 767 3743 Duae
770 3683 906 3768 figurae
921 3696 970 3746 to·
1027 3702 1091 3766 que
1107 3680 1197 3742 numi
1214 3678 1307 3743 binos
1326 3680 1424 3743 etiam
1445 3681 1533 3747 viros
1557 3680 1591 3742 iu
1616 3693 1773 3765 suggestu

216 3800 322 3865 gatae
335 3787 370 3844 in
386 3796 545 3863 suggestu
561 3787 720 3859 sedentes,
736 3786 970 3847 retraLibera·
1026 3782 1180 3858 sedentes
1195 3797 1393 3866 proponant,
1410 3778 1542 3845 dubium
1551 3803 1618 3871 pun
1632 3780 1771 3857 videtur,

220 3883 968 3968 iitasstunseumtessera,etaliafigaraper
1024 3886 1122 3948 etiarn
1149 3883 1182 3945 in
1203 3884 1271 3961 bis,
1304 3906 1369 3970 quo
1395 3884 1523 3948 civilius
1558 3882 1646 3947 istud
1674 3881 1772 3945 babe-

217 3987 572 4066 gradusadseeadeas.
597 3986 946 4069 uE.1.(Mus.caes.)
1023 4000 1135 4060 uetur,
1176 3985 1326 4049 exbiberi
1364 3989 1438 4050 anni
1473 3985 1570 4068 hujus
1600 3985 1769 4061 eonsules,

268 4087 387 4161 Alias,
412 4089 472 4148 red
487 4090 558 4150 PR.
573 4089 609 4151 P.
629 4090 667 4152 ll.
687 4090 755 4153 ΑΕ.
777 4110 860 4154 max.
877 4088 964 4152 mod.
1024 4109 1143 4173 nempe
1164 4088 1382 4163 Hadrianum,
1407 4078 1615 4174 alterumque
1632 4108 1691 4150 seu
1718 4109 1771 4149 or·

220 4187 335 4271 (Vaill.
350 4191 445 4251 Num.
463 4205 582 4270 praest.
599 4194 637 4252 T.
654 4194 707 4255 111.
724 4176 755 4275 p'.
774 4194 858 4272 ub.)
964 4225 967 4231 ·
1024 4193 1201 4265 dinarium,
1246 4211 1306 4254 seu
1344 4189 1527 4253 suffectum.
1577 4188 1768 4257 Veillantius

262 4294 299 4350 ln
324 4291 430 4351 nuruis
459 4292 533 4352 anni
562 4293 739 4374 superioris
765 4295 965 4378 congiarium
1024 4294 1162 4378 liguram
1192 4293 1397 4357 adsidentem
1425 4291 1469 4354 nit
1499 4310 1572 4354 ecee
1602 4289 1767 4357 Sabinam.

219 4394 361 4475 primum
391 4392 548 4469 vidimus,
582 4414 622 4456 en
647 4393 785 4458 alterum
815 4397 848 4456 in
874 4417 965 4479 pree·
1023 4400 1067 4459 At
1085 4397 1173 4459 enim
1189 4394 1307 4459 adduci
1327 4414 1392 4457 non
1408 4404 1608 4477 pessum,ut
1624 4391 1768 4467 credam,

220 4509 325 4559 sente.
353 4494 464 4560 Verba
486 4510 560 4558 suut
583 4496 744 4578 Spartiani
758 4496 808 4582 h),
831 4498 965 4561 Hadria·
1022 4511 1076 4560 aut
1098 4510 1221 4561 tantum
1239 4495 1301 4559 eibi
1324 4496 1499 4580 sumpsisse
1519 4493 1689 4572 Sabinam,
1713 4509 1776 4559 aut-

258 4718 289 4781 α)
311 4712 429 4789 Sylloge
443 4715 464 4771 l.
480 4735 509 4790 p.
522 4729 583 4774 tot·
656 4718 692 4786 b)
713 4717 827 4794 Cup-‚i-
