4012 5370
831 440 1161 519 vrruuutvs.
1578 423 1586 431 ’
1696 464 1770 536 ³13

220 607 308 670 diem
331 607 401 668 XX.
426 606 480 668 vel
502 607 588 670 XXI.
608 608 820 683 Decembris,
846 623 883 673 nt
902 632 967 674 ma·
1023 613 1091 675 llus
1104 584 1218 675 sedens
1233 611 1269 674 in
1285 609 1546 687 substructione,
1573 615 1706 680 sedente
1726 638 1771 682 en

219 709 337 773 nileate
365 707 533 790 colligitur
564 730 605 772 ex
633 710 763 786 Tacito,
795 725 829 773 et
851 713 968 776 Sueto-
1024 714 1161 774 adverso
1178 709 1522 797 nlinfiguratogatu,
1538 716 1576 775 ln
1594 718 1776 782 inostene

217 811 285 874 uio.
329 810 380 871 An
410 829 494 892 ergo
522 811 606 873 iutra
636 809 723 874 diem
755 835 870 888 nuum,
911 828 968 878 eut
1023 811 1248 896 trasfigurne,
1272 831 1412 886 quarunt
1427 833 1496 876 unu
1511 820 1641 880 censori
1656 819 1772 882 dexte·
1879 881 1882 889 ,

219 911 261 974 ad
292 932 453 973 summum
494 911 581 975 intre
608 912 760 990 biduum,
797 936 862 998 quo
891 930 966 1000 pout
1023 932 1095 974 ram
1113 915 1216 997 ψη.
1239 912 1310 976 ΑΕ.
1327 914 1354 977 1.

222 1013 378 1095 Capitolii
424 1013 558 1076 exitium
602 1015 762 1098 euperluit
799 1018 971 1095 Vitellius,
1090 1015 1217 1076 Horum
1233 1035 1405 1077 unmorum
1427 1034 1561 1079 aversae
1581 1031 1769 1099 proponunt

220 1114 314 1178 feriri
330 1115 497 1197 potuerint
516 1116 551 1176 hi
570 1119 678 1191 numi,
702 1131 755 1180 aut
773 1118 869 1181 etiam
885 1119 997 1206 istud·
1026 1113 1066 1176 Ia.
1083 1116 1253 1180 Vitellium
1281 1116 1385 1179 noatri
1407 1128 1549 1198 patrem,
1581 1130 1634 1179 ter
1655 1138 1769 1181 comm

222 1216 263 1279 ab
295 1236 337 1278 eo
359 1218 532 1298 imperari,
568 1218 711 1300 quitum
732 1218 904 1303 despectus
929 1220 970 1283 ab
1027 1218 1093 1277 lem
1111 1238 1148 1280 uc
1166 1237 1352 1295 censorem,
1370 1216 1558 1280 clarissimis
1575 1230 1642 1280 tum
1661 1240 1772 1282 mune·

225 1319 389 1395 omnibns,
422 1330 457 1380 et
478 1319 742 1404 desertumerut,
771 1320 903 1404 quando
926 1341 969 1383 ne
1026 1316 1135 1394 tibur,
1173 1317 1214 1379 ad
1250 1338 1332 1403 quae
1370 1317 1451 1381 eniti
1479 1317 1623 1400 privato«
1653 1321 1770 1403 potuit,

224 1421 358 1505 quidem
386 1422 540 1482 Caesaris
560 1421 671 1482 titulus
694 1421 727 1481 in
744 1421 813 1484 ullo
828 1421 897 1504 ejus
912 1443 972 1483 uu·
1027 1416 1126 1503 idque
1151 1439 1217 1481 nou
1241 1418 1341 1481 modo
1356 1418 1418 1501 ipei
1445 1418 1690 1498 claritudinem,
1713 1421 1773 1485 sed

222 1541 277 1583 mo
312 1533 494 1603 comparet,
532 1520 593 1581 elai
618 1520 781 1604 aliquanto
810 1536 885 1586 ente
917 1521 971 1585 ad·
1028 1518 1125 1582 etiam
1141 1520 1210 1582 lilio
1227 1519 1314 1582 Aulo
1333 1517 1374 1582 ed
1398 1519 1573 1601 imperium
1592 1519 1782 1606 edipiccem·

222 1623 324 1685 teitus
353 1627 400 1703 ⁸),
423 1620 540 1684 lectori
563 1621 782 1684 arbitrandum
807 1622 969 1707 relinquo.
1027 1619 1103 1682 dum
1126 1641 1192 1682 uon
1217 1622 1292 1684 leve
1313 1633 1513 1684 momentum
1538 1623 1655 1687 attulit.
1688 1626 1781 1690 Nnnu

223 1722 278 1786 Ad
292 1725 375 1786 baec
392 1721 425 1783 in
444 1721 666 1803 compluribus
685 1723 754 1805 ejus
770 1725 983 1808 generimut
1027 1720 1226 1784 dubitantem
1243 1721 1436 1786 Germaniae
1455 1721 1652 1803 exercitum,
1672 1746 1779 1810 quem

224 1825 285 1888 mie
306 1824 466 1887 omittitur
481 1823 592 1886 titulus
612 1825 781 1907 Augusti,
802 1840 838 1888 ut
856 1824 972 1888 ridere
1027 1825 1079 1885 rei
1093 1844 1236 1886 summae
1250 1843 1313 1906 pro
1330 1822 1433 1887 Gelbn
1448 1823 1661 1907 praeficeret,
1687 1826 1771 1889 nihil

224 1938 274 1989 eet
304 1925 338 1986 in
361 1945 475 1989 museo
498 1925 679 2000 Caesareo,
721 1938 754 1987 et
785 1927 971 2011 Tbeupob,
1027 1922 1131 2007 magio
1148 1925 1276 1991 Vitellii
1298 1924 1444 2010 panibus
1472 1925 1645 2011 applicuit,
1674 1952 1770 2016 quum

227 2047 308 2110 quoa
337 2041 463 2088 certum
493 2040 541 2087 eat
568 2026 668 2088 fuisse
690 2027 849 2110 signatos,
883 2042 975 2091 ante·
1027 2025 1119 2111 qnod·
1133 2027 1182 2088 illi
1201 2031 1383 2110 trosputris
1397 2029 1603 2106 consulatus,
1620 2051 1773 2112 centurn,

226 2148 321 2212 qnam
345 2146 415 2189 eam
439 2128 709 2210 appellationem,
748 2141 784 2190 nt
813 2127 969 2206 diximus,
1026 2128 1203 2208 collegium
1215 2129 1779 2212 Caesarisimponerctjnmprr'dem:

224 2227 423 2291 admitteret.
475 2228 585 2319 Quare
623 2227 710 2290 istud
740 2244 971 2312 argumentum
1026 2231 1473 2309 imperatorisdignntioncm
1489 2225 1531 2303 1t).
1555 2230 1781 2317 Sanetriplex.

225 2329 384 2391 incertum
403 2329 465 2411 jam
483 2330 542 2391 luit
558 2329 628 2411 ejus
645 2346 794 2394 monetae
808 2352 873 2395 non
889 2332 971 2393 mul·
1027 2325 1082 2388 hie
1109 2327 1179 2410 ejus
1207 2328 1410 2404 consulatus,
1444 2348 1483 2390 ac
1510 2348 1648 2395 censura
1672 2354 1772 2416 enepe

224 2445 258 2492 to
285 2445 362 2512 poet
388 2429 509 2492 aditum
537 2431 726 2511 imperium,
754 2446 789 2494 et
813 2434 899 2516 quod
923 2452 973 2495 ae·
1028 2426 1069 2489 nb
1093 2428 1163 2510 ejus
1189 2430 1300 2493 aetatis
1320 2429 1534 2513 scriptoribus
1554 2443 1702 2517 tanquam
1726 2441 1779 2497 te·'

224 2531 353 2614 quitur,
400 2532 490 2594 calvo
529 2531 633 2595 adbuc
666 2533 837 2616 Capitolio.
890 2535 973 2596 Nam
1028 2529 1362 2614 atimoniumiuaignie
1381 2530 1451 2611 ejua
1473 2531 1774 2598 samaememoruu·

226 2646 263 2695 nt
289 2653 387 2714 aupra
405 2653 447 2694 ex
465 2633 579 2696 'I'acito
600 2633 714 2709 docui,
743 2654 818 2697 eum
844 2633 973 2696 titulum
1029 2642 1091 2697 tur.
1133 2631 1209 2692 Fuit
1238 2631 1353 2693 concul
1386 2632 1525 2714 primum
1556 2638 1641 2697 anu'o
1671 2638 1712 2702 V.
1735 2637 1772 2701 C.

227 2747 294 2795 tum
329 2733 469 2816 primum
499 2736 644 2817 recepit,
676 2755 750 2799 cum
779 2733 894 2799 urbem
926 2736 974 2797 in·
1028 2732 1108 2814 787,
1146 2751 1210 2816 quo
1243 2731 1397 2808 contule,
1432 2744 1470 2794 ut
1495 2733 1602 2795 refert
1629 2736 1770 2814 Tacitus,

226 2853 356 2916 grecam
385 2849 447 2898 eat.
492 2836 713 2898 Tribuendum
740 2856 821 2918 ergo
846 2837 972 2920 privato
1029 2846 1102 2914 post
1130 2832 1264 2915 longum
1289 2834 1495 2897 saeculorum
1518 2831 1675 2897 ambitum
1703 2836 1771 2902 eric

227 2935 355 3004 Vitellii
376 2935 534 3012 adfectui,
563 2957 621 2999 cur
650 2939 735 3000 bunc
752 2941 973 3001 Romanmum
1029 2933 1172 3016 phoenix
1197 2933 1229 2994 in
1246 2935 1432 3018 Aegyptum
1457 2935 1548 3000 venit
1570 2935 1611 3017 e).
1648 2937 1772 3001 Consul

227 3040 337 3102 lovem
359 3037 393 3100 in
409 3051 570 3100 monetam
587 3038 761 3123 receperit.
793 3042 899 3103 Etiam
920 3062 974 3102 an·
1029 3035 1147 3097 iterum
1165 3036 1206 3101 V.
1224 3037 1261 3097 C.
1282 3036 1347 3117 7ob
1367 3038 1505 3121 conlega
1528 3035 1664 3100 Claudio
1682 3042 1769 3124 Aug.

229 3155 379 3203 touomos
404 3161 477 3202 cum
495 3139 559 3202 boc
579 3153 656 3222 typo
683 3143 767 3206 infre
784 3157 860 3228 poet
879 3163 974 3228 prae·
1030 3136 1152 3198 centul
1173 3138 1227 3200 ΙΙΙ.
1262 3129 1304 3204 V·
1327 3138 1362 3198 C.
1385 3138 1449 3200 lloo
1466 3139 1620 3222 ,conlega
1649 3138 1773 3204 iterum

230 3255 358 3306 centem
378 3242 496 3304 seriem
514 3240 721 3308 intuebimur.
940 3319 943 3321 Α
1029 3237 1176 3301 Claudio.
1219 3238 1396 3302 Censorem
1427 3259 1501 3303 cnm
1531 3237 1648 3302 eodem
1677 3242 1773 3306 Clen-

594 3343 614 3381 θ
1029 3337 1083 3400 dio
1106 3338 1187 3401 obiit
1212 3339 1253 3406 V.
1276 3339 1311 3405 C.
1344 3341 1417 3406 801.
1463 3337 1622 3403 Addendn
1652 3356 1686 3404 ct
1707 3342 1769 3407 alia

372 3390 659 3510 mundandi,
696 3392 717 3429 u
1015 3439 1159 3506 ‚decorm
1215 3440 1268 3502 Ex
1305 3439 1414 3523 prima
1450 3439 1624 3503 consulatu
1657 3442 1777 3525 Syriae*

228 3543 537 3613 L.V1TELL1VS.
575 3546 670 3612 COS.
701 3547 756 3613 lll.
786 3546 971 3613 CENSOR.
1027 3539 1232 3626 praepositus
1260 3538 1458 3603 Artabanum
1485 3540 1680 3606 Parthorum
1719 3564 1770 3605 re·

231 3649 339 3728 Caput
356 3648 398 3713 L.
419 3648 554 3710 Vitellii
568 3650 771 3726 laurentum,
792 3662 871 3711 ante
886 3652 976 3727 pund
1029 3663 1102 3729 gem
1140 3663 1207 3705 non
1240 3640 1340 3705 modo
1375 3641 1415 3704 ad
1453 3641 1666 3725 colloquium,
1710 3643 1772 3707 ted

231 3749 553 3828 npuilnccnsnlcris.
572 3750 643 3818 AV.
659 3752 729 3817 An.
746 3753 847 3834 (Mne.
861 3750 971 3830 Cnee.)
1029 3744 1127 3807 etiam
1147 3742 1186 3807 ud
1206 3741 1391 3808 venerenda
1408 3743 1576 3825 legionum
1597 3744 1689 3829 aigne
1701 3745 1773 3830 pel·

374 3852 420 3910 Vt
436 3851 488 3913 lit.
505 3851 533 3913 1.
1028 3846 1110 3909 lecit
1127 3849 1281 3908 extremit
1298 3844 1425 3907 Tiberii
1442 3846 1652 3929 temporibus.
1674 3846 1771 3910 Auno

228 3952 355 4014 Eadem
374 3952 565 4041 epigraphe,
600 3953 640 4016 L.
653 3954 812 4016 Vitellius
835 3966 973 4037 togatus
1028 3949 1070 4010 V.
1093 3947 1129 4011 C.
1151 3944 1215 4028 796
1242 3966 1304 4030 pro
1332 3945 1470 4011 Claudio
1499 3947 1532 4008 iu
1563 3947 1771 4031 expeditione

227 4055 345 4115 sedens
355 4053 388 4113 d.
397 4064 544 4128 extenta,
559 4077 585 4117 s.
597 4057 743 4133 aquilum
756 4057 971 4128 consularem,
1029 4048 1214 4111 Britannice
1246 4047 1382 4112 eluente
1415 4051 1539 4113 Romae
1570 4069 1680 4112 curam
1703 4051 1776 4114 <im-

224 4175 285 4233 prc
294 4152 440 4216 scabello
447 4173 546 4232 prora
555 4161 659 4220 nevis.
670 4155 741 4222 AV.
751 4158 851 4240 (blaa.
863 4147 972 4237 Gneo.)
1031 4151 1115 4234 perii
1134 4148 1302 4227 sustinuit,
1329 4150 1455 4236 luitque
1469 4151 1522 4216 vir
1541 4150 1714 4229 innocens,
1737 4164 1772 4216 et

372 4257 419 4317 Vt
433 4255 486 4318 lit.
502 4256 540 4320 K.
1030 4251 1221 4330 industrius,
1255 4266 1288 4317 at
1324 4267 1453 4317 notetur
1492 4275 1510 4316 n
1543 4251 1694 4329 libidine,
1737 4265 1775 4317 et

230 4355 266 4420 1..
279 4356 427 4422 Vtrub.
444 4355 628 4421 CENSOR.
647 4359 685 4421 ΙΙ.
707 4358 740 4420 S.
758 4357 793 4420 (L
811 4358 850 4421 L.
870 4358 975 4419 Vitcl·
1032 4354 1218 4438 comprimia
1255 4354 1343 4440 turpi
1372 4354 1405 4416 in
1434 4352 1595 4418 adulando
1626 4353 1770 4439 ingenio,

266 4648 297 4713 nl
317 4645 412 4702 Teu-it.
425 4645 466 4715 ll.
478 4646 528 4705 ΙΙΙ.
546 4657 590 4713 50.
665 4648 700 4721 b)
720 4647 814 4705 Tacit.
830 4645 865 4703 ll.
877 4645 898 4704 l.
917 4655 959 4708 52.
1033 4645 1064 4715 c)
1083 4641 1219 4703 Aumvl·
1235 4649 1279 4707 28·
1454 4706 1457 4711 .

274 4758 367 4836 (Vol.
388 4759 466 4840 Vl.)
707 4759 712 4766 ’
1443 4748 1472 4810 R
1495 4769 1513 4810 Υ
