4012 5370
802 352 976 427 OTHO.

114 527 260 608 legiones
276 523 462 585 Mucianus
485 520 692 585 sacramanto
717 522 859 586 Othonis

111 631 259 709 adegere.
312 626 422 688 Simul
449 625 645 706 Aegrotas,
686 646 859 703 omnesaue

111 750 225 791 uersae
250 733 285 790 in
314 730 481 790 Orientem
505 728 699 808 prouinciae
726 728 858 789 nomina

111 832 181 908 ejus
215 829 420 890 tenebantur.
466 829 557 888 Idem
589 828 734 908 Africae
769 830 858 889 obse·

111 935 226 1010 quium
257 934 355 991 initio
387 949 409 988 a
435 930 638 1011 Carthagine
659 941 746 992 orta.
771 961 785 976 -
810 963 824 976 ·
845 961 859 976 ·

115 1032 352 1111 Carthaginem
378 1043 504 1094 ceterae
535 1034 690 1093 civitates
715 1044 885 1094 secutae..

111 1131 242 1194 Tacitus
257 1132 307 1194 hia
324 1133 432 1196 verbis
446 1153 557 1196 omnes
574 1131 756 1215 provincias
771 1153 858 1194 com-

111 1233 282 1316 plectitur,
301 1257 435 1320 quarum
452 1234 551 1297 urbes
567 1254 604 1296 ac
619 1233 734 1316 populi
753 1233 858 1297 Otho·

109 1336 159 1397 nia
176 1350 281 1398 aetate
299 1338 465 1419 propriam
481 1336 584 1398 sarire
601 1348 764 1399 monetam
781 1315 856 1396 con·

110 1459 269 1518 euenere;
304 1461 375 1500 nam
403 1438 607 1499 continentes
632 1437 666 1497 in
692 1436 855 1499 Occasum

108 1541 189 1601 aitae
216 1542 278 1620 jam
304 1541 431 1623 pridem
462 1560 500 1601 ea
529 1539 762 1602 abstinuerunt.
810 1539 856 1605 Vt

107 1642 191 1703 adeo
213 1642 371 1702 ditionum
396 1643 429 1702 in
451 1641 623 1703 Orientem
647 1641 853 1723 vergentium

107 1742 198 1803 numi
228 1743 434 1825 cum'capite
462 1742 620 1816 Othonis,
651 1742 712 1803 nisi
737 1762 851 1804 causae

107 1846 189 1908 aliae
222 1858 410 1920 morentur,
445 1842 544 1905 iidem
570 1842 695 1925 possint
725 1863 853 1924 prome·

106 1947 191 2022 reri,
221 1947 254 2006 in
270 1945 486 2009 Occidentem
502 1944 636 2007 sitarum
647 1964 765 2006 namna
782 1944 852 2028 ejna

106 2048 266 2132 genuinus
284 2049 409 2129 operari
426 2049 480 2110 vix
499 2045 611 2130 possit.

170 2151 220 2209 Ex
242 2151 375 2228 populis
392 2151 507 2214 liberis
527 2148 596 2230 ejus
615 2164 730 2208 numo!
747 2135 862 2227 aigna-¹

104 2252 150 2315 vit
172 2251 360 2312 Antiochia
385 2250 520 2332 Syriae,
551 2262 585 2310 et
610 2247 691 2309 alios
718 2247 850 2331 quidem

103 2364 280 2435 argenteos
311 2351 485 2434 inscriptos
517 2343 678 2412 GTOTC.
703 2347 744 2411 A.
772 2361 848 2431 typo

103 2453 249 2539 aquiiae,
285 2454 398 2534 (Vaill.
424 2448 573 2529 Morelli)
609 2449 692 2511 alioa
728 2470 849 2514 aeneos

103 2555 203 2616 medii
220 2555 344 2617 interl.
362 2568 395 2616 et
412 2556 451 2617 11.
472 2552 609 2614 formam
630 2550 755 2612 moduli
773 2570 847 2614 cnm

103 2656 282 2739 epigraphe
298 2655 427 2729 Latina,
444 2666 477 2715 et
495 2653 528 2713 in
544 2649 567 2710 ἶ
584 2653 618 2716 S.
633 2653 668 2713 C.
684 2653 768 2715 intra
782 2653 849 2715 lau·

102 2777 204 2822 ream.
249 2757 379 2820 Similes
411 2776 527 2817 numoa
559 2769 624 2817 tam
655 2766 846 2837 argenteon,

102 2881 198 2943 qnam
232 2877 352 2921 aeneos
382 2857 483 2918 fuisse
512 2855 708 2919 ordinariam
735 2855 849 2918 Antio·

102 2960 270 3025 chensium
287 2973 465 3033 monetam,
490 2959 523 3018 in
541 2960 659 3019 horum
676 2956 784 3018 numia
800 2956 846 3018 di·

103 3064 216 3126 rimna.
245 3060 368 3122 Ibidem
394 3062 492 3122 alium
512 3059 583 3142 ejus
605 3058 766 3143 insignem
790 3081 849 3122 nn·

104 3185 191 3229 mom
213 3162 443 3250 produximus:

175 3273 180 3282 “
263 3266 352 3329 tttP.
377 3268 423 3326 tt.
451 3262 590 3327 OTHO.
621 3263 719 3328 CAE.
744 3262 846 3333 Ave.

267 3367 374 3448 Caput
396 3364 557 3430 Othonis:

916 519 1012 588 ΕΠΙ.
1038 523 1335 600 MOTKIANOT.
1358 535 1660 618 ΑΝΤΙΟΧΕΩΝ.

915 625 989 689 ET.
1010 626 1095 690 ZIP.
1113 634 1204 692 intra
1221 657 1386 701 caronam.
1409 645 1479 705 ΑΕ.
1497 651 1552 712 111.

980 726 1070 789 Idem
1098 731 1319 800 Romanorum
1353 746 1558 828 magistratus
1590 756 1662 818 Mu·

916 827 1046 907 cianus,
1078 847 1110 895 et
1136 855 1237 898 annua
1267 862 1324 923 ¹¹7
1350 862 1477 911 exstant
1503 855 1600 917 etiam
1626 858 1662 920 in

915 930 1021 990 numia
1047 931 1181 1001 Galbae.
1212 941 1256 1000 Hi
1280 948 1368 1006 numi
1387 954 1524 1034 egregie
1546 959 1662 1023 confir·

916 1045 1003 1093 mant
1016 1031 1141 1095 initium
1159 1058 1254 1102 aerae
1270 1046 1511 1132 Antiochenae,
1528 1073 1561 1120 et
1578 1081 1660 1144 qnae

916 1130 957 1193 de
971 1135 1121 1197 Muciano
1137 1138 1277 1204 Othonia
1291 1164 1401 1227 partos
1418 1156 1569 1238 amplexo
1584 1183 1662 1226 mox

915 1255 957 1297 ex
984 1237 1098 1298 Tacito
1124 1240 1271 1309 vidimus.
1302 1239 1389 1315 Vide
1412 1255 1454 1318 de
1483 1258 1533 1322 hia
1551 1283 1662 1328 mone·

913 1349 978 1398 tam
996 1337 1188 1403 Antiochiae
1210 1345 1333 1426 Syriae.

975 1441 1108 1523 Vulgati
1132 1464 1262 1526 quoqne
1283 1465 1357 1513 aunt
1377 1455 1447 1535 ejus
1465 1461 1556 1522 numi
1577 1463 1658 1527 Cae·

913 1561 1024 1603 nareae
1058 1543 1291 1629 Cappadociae.
1323 1557 1500 1639 (Marcili.)
1546 1564 1657 1629 Atiam

911 1643 1088 1706 Maroneae
1129 1647 1288 1714 Thraciae
1331 1653 1434 1720 edidit
1476 1661 1655 1746 Segninna,

911 1743 1023 1822 (Nom.
1043 1747 1104 1809 ael.
1125 1768 1157 1829 p.
1174 1751 1259 1830 13⁶.)
1282 1755 1342 1817 sed
1365 1777 1461 1841 quem
1480 1781 1521 1824 ex
1541 1768 1654 1833 Nero·

908 1843 1005 1906 niano
1043 1845 1163 1910 factoro
1197 1852 1418 1921 Othoniannm
1454 1862 1553 1929 docet
1589 1888 1656 1933 non

908 1944 1102 2010 Vailiantina
1131 1950 1228 2015 modo
1254 1955 1300 2036 ¹),
1331 1960 1389 2021 aed
1418 1977 1452 2026 et
1483 1969 1656 2036 Horellina

820 2081 822 2084 ⁴
908 2051 1075 2130 proposita
1096 2052 1222 2116 sincera
1242 2055 1311 2136 ejus
1328 2063 1417 2123 numi
1437 2065 1533 2133 icone
1549 2069 1594 2154 b).

977 2151 1199 2222 Coloniarum.
1242 2159 1349 2242 Hujus
1382 2171 1513 2247 generis
1547 2187 1670 2241 centua

909 2249 1050 2315 Othonis
1063 2254 1207 2320 nondum
1222 2278 1418 2345 compertus.
1440 2269 1548 2360 Quem
1560 2273 1658 2340 Gesa-

907 2373 1006 2415 nerua
1038 2375 1078 2416 ex
1110 2378 1224 2422 mnaeo
1251 2364 1333 2426 Pian
1368 2367 1444 2431 citat
1477 2373 1655 2458 inscriptos

907 2456 962 2519 TI.
988 2456 1161 2524 CLAVDI.
1187 2461 1382 2532 OPTATO.
1408 2471 1525 2539 ttvtlt.
1552 2476 1653 2545 COR.

906 2555 1111 2636 ls'rtlntttt,
1148 2583 1222 2626 ease
1250 2563 1336 2627 hand
1364 2566 1463 2632 dubie
1493 2576 1654 2668 Neronia,

905 2669 959 2717 aut
988 2677 1030 2719 ex
1059 2658 1120 2723 hoc
1147 2660 1180 2721 in
1208 2662 1386 2727 Othonem.
1402 2669 1518 2736 frunda
1546 2689 1655 2741 trana-

904 2754 1094 2834 formatum,
1120 2762 1243 2845 colligo
1267 2785 1308 2827 ex
1331 2768 1489 2835 similibna
1512 2750 1654 2842 Neronia

906 2859 1055 2925 coloniae
1085 2861 1234 2925 Corinthi
1262 2869 1368 2934 nami·
1405 2872 1491 2957 apud
1511 2877 1655 2945 Vailintt·
1705 2900 1707 2905 ’

905 2958 998 3024 tium.

970 3064 1203 3129 Alexandrini
1240 3089 1307 3133 non
1341 3074 1437 3155 pauci
1479 3095 1653 3163 cuperant,

906 3184 1021 3234 amaea
1045 3184 1119 3228 cnm
1142 3168 1321 3257 epigraphe
1339 3175 1381 3242 L.
1398 3177 1458 3255 Δ..
1486 3200 1567 3264 quoa
1585 3201 1654 3248 om·

905 3284 964 3331 aea
983 3264 1060 3331 vide
1074 3267 1151 3332 loco
1166 3291 1237 3337 ano.

738 3691 1008 3767 PRE'TWM.

101 3839 282 3903 commatis
302 3837 466 3899 Romani:

295 3937 417 4012 Annei,
440 3949 474 3999 et
495 3933 644 4016 argentei

294 4039 401 4103 Aeaei
425 4050 536 4100 certae
558 4031 636 4095 fidei

293 4138 400 4203 Aeaei
415 4162 432 4202 a
445 4138 521 4200 Tito
535 4133 686 4212 roatitnti,
700 4132 1069 4237 nonnullornmjndicia
1079 4107 1208 4226 probati
1313 4042 1444 4215 iiim,

100 4245 281 4308 commatis
299 4243 490 4321 peregrini:

294 4343 496 4426 Populornm
517 4339 699 4401 liberorum
736 4370 750 4386 ·
832 4373 847 4388 ·

881 4497 1636 4544 ...Ἢ

129 4608 159 4674 ι)
179 4603 228 4661 Ad
244 4602 364 4678 Seguini
380 4620 458 4657 num.
474 4598 527 4656 eei.
543 4608 643 4675 part.
719 4597 755 4671 h)
775 4596 903 4673 Specim.
918 4596 979 4656 tab.
989 4597 1066 4661 xxt.
1078 4619 1108 4659 n.
1122 4615 1146 4662 1.

1271 4691 1386 4788 ia·
