4012 5370
386 464 559 542 calvs
591 467 663 538 ΕΤ
697 465 909 541 LVCIVS
946 466 1141 542 CABSS
1387 508 1391 514 ·
1465 489 1535 555 tte

201 652 362 716 supensus.
408 635 536 697 Attae
563 637 596 696 in
624 657 737 700 monu-
914 637 1001 700 IMP.
1016 637 1118 705 AVG.
1145 635 1267 700 Statua
1283 641 1436 722 Augusti
1452 642 1538 729 uela·

201 755 294 809 manu
315 736 445 816 majoris
465 737 543 799 fidei
560 753 736 823 argenteae
774 786 776 792 -
915 752 951 800 ta
967 752 1084 821 togata
1104 742 1178 802 basi
1192 742 1349 822 impositu
1368 744 1399 803 d.
1417 746 1539 822 simpu-

201 839 333 916 Equitcs
356 852 470 899 autem
496 841 640 905 Romani
663 846 738 904 uni·
888 842 992 905 'qun
1027 870 1071 889 -·
1102 840 1137 902 C.
1167 842 1288 906 CAES.
1317 841 1413 906 COS.
1438 844 1537 908 DES.
1629 900 1632 905 ,

201 941 278 1022 uem
292 941 478 1018 juventutis
494 956 668 1020 atrumque
685 965 736 1004 eo·
918 941 1039 1003 Statua
1050 943 1084 1007 C.
1098 943 1250 1006 Caesaris
1264 958 1381 1025 togata
1393 944 1467 1008 basi
1479 949 1538 1008 ita·

201 1063 205 1075 ·
222 1054 255 1101 et
274 1043 381 1102 hastis
398 1049 562 1124 argenteis
578 1048 735 1104 diluuium
911 1050 1032 1123 positu.
1047 1078 1089 1092 -
1102 1043 1140 1106 L.
1151 1044 1334 1107 CAESAR.
1360 1046 1482 1108 Statua
1497 1047 1537 1109 L.

204 1155 239 1202 nt
258 1148 298 1225 ⁸).
322 1142 426 1201 Simili
440 1145 556 1225 clypeo
570 1125 736 1207 Neronem
920 1143 1073 1204 Caesaris
1093 1158 1209 1224 tegata
1226 1149 1299 1206 basi
1315 1148 1481 1226 imposita.

201 1244 372 1321 juventutis
394 1243 433 1303 ab
457 1247 602 1328 equestri
622 1246 736 1308 ordine
797 1243 1326 1313 CAESARAVGVSTA.11V1R.
1346 1247 1538 1313 CN.DOM.
1652 1297 1656 1316 ,

202 1367 237 1405 us
255 1338 371 1404 numus
388 1344 496 1407 docet.
796 1346 976 1410 AMPtAN.
1002 1345 1038 1408 C.
1062 1344 1163 1414 VET.
1187 1348 1360 1414 LANClA.
1396 1350 1472 1411 Tria
1495 1354 1539 1411 st'·

201 1447 204 1504 ζ
221 1445 337 1528 signati
354 1462 427 1508 sunt
443 1447 524 1508 intra
543 1467 643 1508 annos
651 1447 692 1514 V.
701 1446 737 1508 C.
793 1457 865 1531 gna
881 1448 1058 1510 militaria.
1081 1447 1151 1510 AE.
1164 1442 1192 1511 Ι.

204 1568 303 1622 ,non
330 1549 437 1628 prius,
463 1570 534 1609 nam
556 1548 737 1632 Augustus,
916 1549 1003 1610 tntu.
1035 1547 1281 1627 aVGVSTVS.
1314 1531 1444 1609 ἸἭΙΒ.ἶ
1465 1546 1539 1616 Po-

201 1670 206 1708 t
233 1665 330 1728 pater
354 1655 488 1730 patriae
518 1664 736 1732 nuncupatur,
917 1643 1011 1712 TES‘.
1029 1650 1100 1709 XX.
1126 1651 1232 1731 Caput
1248 1643 1447 1714 laureatum.

206 1770 234 1809 m
256 1751 317 1831 752
337 1750 422 1811 hunc
444 1749 570 1810 titulum
590 1750 737 1830 abstulit3
797 1749 1129 1816 CAESARa-VGVS.
1152 1751 1219 1814 CN.
1242 1749 1354 1825 DOM.
1377 1750 1481 1815 AMP.
1499 1750 1535 1813 C.

211 1871 283 1910 uam
302 1873 385 1911 anno
400 1855 462 1932 754
479 1852 574 1934 Cujus
591 1873 655 1911 non
673 1874 738 1914 am·
796 1851 898 1917 VET.
926 1853 1054 1920 Leuc.
1079 1852 1194 1917 llVIR.
1237 1851 1398 1912 Sacerdos
1424 1873 1537 1914 araas.

201 1954 302 2012 *ansul
318 1956 527 2032 designatas,
551 1952 608 2013 sed
630 1954 736 2035 reipsa
795 1954 865 2017 ΑΕ.
884 1956 924 2015 ΙΙ.

204 2052 437 2136 imperatorum
453 2055 558 2113 numia
575 2075 638 2114 non
655 2054 735 2116 alios
835 2053 985 2115 Alterum
1008 2049 1093 2114 hune
1115 2073 1248 2113 numum
1270 2072 1365 2114 causa
1389 2049 1539 2134 inscripti

221 2151 273 2214 liis
298 2153 452 2215 barbarae
480 2155 734 2224 monetariorum
793 2155 974 2216 tribunatus
1002 2155 1073 2217 XX.
1101 2169 1226 2216 certum
1257 2164 1308 2214 est
1335 2150 1494 2235 signatum
1521 2176 1539 2214 a

201 2254 284 2315 litari
304 2254 466 2335 amabant3
491 2269 596 2317 tantus
618 2277 734 2318 eorum
794 2256 885 2317 Iunio
907 2256 1108 2321 exeunteV.
1127 2257 1163 2320 C.
1183 2259 1245 2332 75⁰
1264 2273 1366 2338 usque
1388 2252 1427 2314 ad
1449 2253 1537 2315 idem

201 2355 275 2416 teris
290 2357 387 2438 plane
403 2356 533 2435 inculti,
557 2372 610 2419 aut
625 2361 734 2422 serius
793 2371 922 2439 tempus
941 2357 1015 2419 anni
1032 2359 1110 2439 751,
1137 2357 1221 2418 intra
1241 2355 1327 2439 quod
1346 2353 1438 2416 liviri
1456 2354 1537 2422 Cae·

201 2472 281 2520 erat.
793 2473 999 2543 sanaugustae
1028 2459 1161 2519 suerunt
1189 2458 1247 2520 Cn.
1269 2455 1432 2517 Domitius
1459 2456 1537 2515 Am·

208 2559 293 2621 alter
323 2557 457 2642 insignis
490 2571 556 2636 est,
594 2560 735 2642 primurn
792 2560 925 2643 pierius,
952 2575 985 2622 et
1013 2560 1048 2624 C.
1064 2557 1193 2624 Vettius
1221 2557 1419 2632 Lamianus,
1449 2577 1536 2618 cum-

201 2683 285 2739 mus,
311 2682 352 2722 ex
374 2682 439 2721 uno
462 2681 579 2742 nempe
598 2662 737 2723 Pelleri·
793 2682 857 2746 que
876 2661 907 2720 in
928 2682 1027 2721 numo
1047 2661 1159 2741 priore
1176 2658 1275 2720 iidem
1293 2650 1444 2740 legantur
1460 2657 1537 2720 Ilvi·
1576 2691 1578 2694 >

201 2784 233 2840 s,
256 2761 375 2823 deinde
395 2761 467 2846 quia
485 2762 625 2825 eundem
646 2764 732 2827 hunc
790 2765 838 2837 ri,
864 2761 1003 2822 dubitari
1024 2780 1089 2821 non
1112 2771 1238 2842 potest,
1264 2777 1329 2818 unu
1352 2755 1535 2841 eodemque

203 2886 239 2926 us
270 2865 411 2924 imitatus
442 2877 491 2925 est
522 2864 668 2947 Caligula
700 2864 733 2926 in
791 2858 875 2925 annu
911 2875 1085 2945 utrumque
1117 2879 1249 2920 numum
1283 2857 1453 2940 signatum.
1496 2857 1532 2916 Iu

201 2965 300 3027 tronis
320 2966 493 3026 Caesarum
512 2967 627 3030 numis.
791 2965 903 3048 priore
923 2963 959 3026 C.
977 2962 1095 3023 Caesar
1115 2959 1233 3021 dicitur
1250 2958 1367 3020 consul
1384 2959 1536 3037 designa·

252 3113 271 3146 ,
356 3066 374 3100 *
458 3109 477 3150 0
792 3079 861 3140 tus,
887 3078 982 3148 atque
1005 3063 1077 3124 talia
1099 3062 1160 3124 fuit
1181 3058 1257 3121 inde
1277 3057 1316 3121 ab
1334 3079 1418 3120 anno
1436 3057 1476 3122 V.
1495 3058 1532 3121 C.

201 3170 374 3247 ucrcgrini.
789 3167 872 3242 748,
902 3179 933 3226 at
956 3164 1115 3226 omittitur
1142 3162 1195 3225 hie
1224 3159 1334 3223 titulus
1356 3159 1390 3220 in
1412 3159 1533 3234 Lucio,

201 3267 338 3329 saumis
359 3267 486 3329 urbium
506 3271 733 3330 noncolania·
791 3268 846 3352 qui
878 3266 1006 3327 nonnisi
1034 3265 1076 3331 V.
1099 3266 1136 3330 C.
1166 3264 1245 3346 751,
1285 3261 1338 3325 vel
1373 3264 1436 3344 752
1473 3260 1540 3321 i'uit-

201 3392 260 3454 que
282 3369 378 3432 simul
402 3369 597 3431 exhibentur
619 3369 731 3452 capita.
791 3367 904 3430 consul
941 3367 1145 3448 designatus,
1185 3378 1220 3425 ut
1253 3361 1532 3426 altimetriam.

201 3495 218 3532 n
247 3472 352 3533 numia
382 3471 567 3533 Alabandae
600 3471 732 3547 Cariae,
789 3470 853 3531 Hic
877 3489 957 3552 ergo
980 3489 1095 3529 numus
1117 3463 1216 3526 offert
1236 3464 1534 3545 triagsignaAugu-

201 3580 386 3656 lyzaeenes,
418 3573 570 3656 Pergami
593 3573 732 3653 Mysiae,
791 3586 857 3648 stu,
886 3570 1020 3652 ejusque
1042 3565 1117 3626 filiis
1141 3587 1157 3626 a
1179 3563 1532 3645 rep.Caesaraugusta·

201 3678 275 3743 stet.
300 3680 340 3742 11.
369 3697 442 3759 pag.
464 3678 526 3759 19.)
563 3677 732 3758 Smyrnae.
790 3695 831 3753 na
864 3685 984 3734 erecta.
1029 3667 1139 3728 Indice
1177 3664 1332 3726 Florezio
1369 3662 1463 3743 Cujus
1499 3674 1532 3722 et

789 3775 911 3836 Lucius
941 3779 1168 3853 proponuntur
1197 3763 1406 3847 praetextati,
1443 3762 1530 3846 quod

790 3875 941 3959 quidem,
977 3872 1092 3932 saltem
1122 3867 1155 3928 in
1186 3866 1282 3948 Caju,
1319 3866 1434 3928 falsum
1463 3878 1528 3935 est;

204 3985 457 4058 numunianum,
489 4004 525 4045 ac
553 3980 729 4064 praecipue
787 3999 860 4038 nam
890 3975 917 4036 is
945 3973 1007 4057 jam
1035 3992 1120 4033 anno
1142 3971 1183 4036 V.
1203 3970 1238 4032 C.
1258 3981 1321 4050 749
1348 3981 1456 4050 togam
1484 3965 1531 4026 ni·

201 4087 313 4168 ¹saepius
333 4099 517 4148 aecurrunt.
541 4084 730 4166 singulares
788 4078 884 4139 rilem
914 4075 1028 4136 induit.
1073 4072 1160 4164 Quin
1190 4084 1224 4135 et
1251 4082 1365 4132 auctor
1392 4081 1443 4129 est
1469 4068 1531 4128 Zu-

210 4187 262 4250 hie
283 4188 482 4269 descriptum
506 4207 563 4262 eo,
588 4187 732 4268 signatus
790 4199 901 4254 naras,
944 4176 1040 4240 etiam
1077 4172 1214 4236 Lucium
1252 4191 1291 4234 ea
1327 4170 1369 4236 V·
1395 4169 1431 4230 C.
1465 4172 1529 4249 750

201 4303 282 4364 stae,
308 4309 372 4350 non
397 4287 508 4369 quales
524 4287 732 4377 Vaillantius‚
789 4280 889 4344 fuisse
920 4278 1091 4354 donatum,
1127 4289 1162 4338 ut
1192 4275 1225 4335 in
1254 4270 1359 4333 numia
1389 4269 1528 4352 Augusti

201 4388 271 4452 ead
287 4388 536 4471 archetyporum
552 4387 649 4451 iidem
665 4386 733 4449 edi·
790 4384 830 4445 ad
864 4398 1036 4468 utrumque
1073 4378 1158 4440 hunc
1191 4393 1310 4437 annum
1343 4370 1528 4434 observari·

201 4492 301 4576 tuales
317 4492 345 4553 F
348 4491 505 4554 lorezius:
789 4507 872 4551 mus.

201 4614 1527 4652 .....-....................-..------------··

201 4695 297 4756 tune
311 4697 401 4755 Asin.
415 4716 444 4773 p.
458 4709 520 4760 tta.
