4012 5370
219 465 292 551 ³¹2
829 446 1156 521 vtrnnntvs,

219 638 260 684 ro
278 638 350 684 enm
366 616 529 695 ridemus,
555 616 764 701 Parazonium
787 614 873 679 istud
891 636 964 680 aum
1023 614 1139 680 modus
1153 612 1271 697 illigati
1288 626 1372 677 sons
1387 612 1487 698 gladii
1507 612 1682 679 manifeste
1698 634 1775 682 oon·

220 720 357 808 quatiam
395 698 611 783 ostenta‘tiono
649 718 779 783 tractari
808 716 965 795 manibus,
1023 718 1168 800 spiritur.
1207 715 1324 782 Valeat
1346 715 1447 799 igitur
1470 715 1628 798 judicium
1641 717 1685 781 de
1705 738 1776 784 soe·

221 823 305 886 certi
321 842 393 885 esse
414 842 604 904 possumus,
633 820 697 884 hoo
713 834 780 882 turn
802 832 896 903 gestu
912 831 966 881 aut
1023 833 1098 902 ptro
1112 814 1243 901 imperii
1261 816 1426 892 militaris,
1446 818 1547 880 buton
1556 820 1598 879 de
1611 838 1779 883 coman-

220 922 404 1006 praedicari
418 924 586 999 virtutem,
609 936 663 985 aut
678 924 819 984 militare
836 922 868 982 in
884 922 965 983 alios
1024 924 1171 996 dement,
1213 918 1301 1004 qaod
1333 916 1519 980 inficiantur
1551 934 1775 1001 monuments,

220 1025 405 1109 imperium.
454 1026 617 1087 Continuo
654 1044 695 1087 ex
736 1022 886 1086 Martiale
922 1021 968 1084 vi·
1025 1033 1060 1084 et
1072 1019 1250 1104 scriptores
1265 1032 1398 1085 veteres
1416 1032 1483 1081 non
1500 1020 1681 1089 stabiliunt.
1709 1024 1778 1089 De·

222 1127 345 1203 dimus,
397 1124 561 1203 tribunum
615 1125 788 1188 militarem
832 1124 967 1187 honoris
1025 1123 1125 1208 nique
1142 1122 1217 1185 satis
1241 1120 1353 1185 mirari
1369 1142 1436 1185 non
1463 1140 1613 1205 possa-ns,
1640 1144 1707 1209 quo
1724 1142 1781 1209 ps·¹

223 1230 317 1291 causa
347 1230 526 1311 parazonio
549 1220 647 1309 cingi.
690 1226 829 1309 Insignis
851 1238 901 1288 est
921 1224 967 1286 lo·
1026 1238 1080 1288 eto
1098 1239 1238 1311 uterque
1258 1223 1310 1289 tir
1331 1222 1480 1287 eruditus
1490 1223 1595 1307 possit
1608 1224 1778 1305 adserere,

222 1331 279 1391 cus
317 1330 433 1392 Dionis
478 1329 637 1391 narrantis
676 1327 717 1388 tle
753 1327 894 1409 'l'rajano
920 1327 965 1406 ·):
1024 1346 1132 1410 neque
1149 1326 1511 1410 imperatores,neque
1529 1324 1654 1391 milites
1668 1328 1704 1392 itt
1720 1348 1780 1393 ttu-

221 1429 308 1491 ἄλλα
326 1453 377 1491 aaa
396 1428 447 1492 ὅτε
461 1449 575 1510 aporos
590 1452 633 1511 τῳ
647 1424 790 1510 μελλοντι
812 1448 871 1488 των
888 1419 972 1503 δορυ·
1029 1429 1090 1491 ntis
1106 1428 1214 1514 gladio
1230 1426 1411 1491 succinctos
1427 1445 1634 1510 comparere.
1656 1430 1780 1493 Consu·

224 1542 318 1609 φορων
339 1530 492 1611 ἕπαρξειν,
515 1552 549 1591 το
564 1532 666 1611 gipes,
691 1528 971 1615 ὀπαραζωνυυσθὶιι
1029 1530 1166 1593 luissent
1187 1526 1380 1594 familiarum
1406 1548 1538 1606 numos,
1563 1543 1598 1593 et
1621 1531 1780 1597 vidissent

223 1628 309 1692 duros
336 1629 445 1716 ἕχρην,
482 1630 604 1712 cierge,
633 1630 792 1717 ἔεγνμνωσε
818 1652 853 1692 ra
881 1628 970 1707 αὐτο,
1028 1648 1102 1696 ιο.
1129 1630 1214 1715 apud
1240 1628 1430 1692 Mosellium
1457 1629 1490 1689 in
1514 1644 1617 1711 gente
1639 1633 1779 1699 servili·

221 1738 271 1790 atae
309 1728 465 1807 ἅνατεινας
487 1731 562 1812 ἔφη,
592 1730 682 1807 Auia
706 1754 780 1793 raro
807 1754 843 1794 ro
868 1731 970 1811 ξιφος,
1027 1731 1091 1795 tab.
1110 1735 1150 1798 11.
1172 1754 1204 1796 n.
1224 1742 1254 1807 4.
1272 1730 1352 1794 duos
1372 1730 1492 1793 milites
1513 1730 1644 1797 edoctis
1661 1732 1777 1820 gladiis

225 1833 291 1907 tra,
317 1829 353 1893 air
368 1856 421 1916 μεν
435 1840 539 1908 aanor
555 1833 662 1921 ἄρχω,
686 1833 756 1915 ὑπερ
776 1831 852 1917 ἐμω,
879 1832 915 1896 air
937 1826 973 1893 ie
1029 1844 1150 1896 stantes
1170 1831 1335 1914 pendente
1359 1853 1401 1895 ex
1420 1832 1530 1895 cincta
1550 1835 1685 1920 ragina,
1709 1850 1777 1901 tttttt

225 1950 335 2007 κακῶς,
352 1931 419 1994 κατ’
433 1932 489 2018 ipa
505 1934 586 2018 ἅυτῳ
599 1956 710 2023 persp.
746 1937 838 2019 Quin
857 1938 970 2013 etiam,
1027 1934 1147 2017 passim
1164 1934 1197 1995 in
1215 1933 1285 1997 aliis
1303 1932 1449 2016 ejusdem
1469 1934 1575 2019 gentis
1600 1938 1709 2003 nantis
1720 1940 1777 2003 toi·

222 2054 297 2094 cum
321 2036 393 2112 illi,
419 2040 478 2113 aui
495 2042 662 2123 praefecti
679 2045 970 2120 praetorianorum
1028 2032 1103 2098 lites
1140 2032 1248 2119 gladio
1280 2034 1519 2117 depugnantes,
1551 2050 1586 2101 et
1616 2038 1776 2119 similiter,

220 2149 356 2197 tnunere
357 2142 546 2218 functurus
556 2150 642 2217 erat,
655 2142 819 2223 gladium,
831 2163 894 2222 quo
903 2146 971 2205 cia·
1028 2137 1063 2199 in
1087 2136 1237 2221 proxime
1270 2135 1490 2219 praecedente
1522 2154 1624 2223 gente
1649 2140 1776 2227 Sergio.

219 2236 260 2315 gt
278 2236 432 2312 debebat,
452 2240 641 2320 praeberet,
659 2264 697 2304 eo
716 2247 859 2323 nudato,
874 2256 972 2324 atque
1030 2238 1142 2333 Quare
1160 2239 1216 2302 rix
1233 2236 1293 2300 ulli
1319 2238 1443 2311 homini
1464 2254 1590 2304 armato
1609 2264 1686 2307 suos
1702 2236 1779 2309 doe·

221 2349 394 2415 porrecto:
416 2339 544 2419 Acca'pa
555 2340 707 2421 gladium
723 2345 831 2422 lianc,
853 2349 919 2422 ait,
935 2358 972 2407 ut
1028 2342 1073 2403 rit
1089 2339 1231 2424 gladius,
1248 2338 1347 2402 modo
1364 2338 1483 2402 eruditi
1497 2341 1533 2403 lti
1548 2342 1614 2407 riri
1630 2364 1707 2409 outo
1722 2366 1776 2430 ps·

225 2452 276 2508 ao,
293 2436 324 2495 δί
340 2448 428 2497 recte
445 2440 617 2519 imperem,
639 2464 701 2524 pro
719 2466 786 2523 nae,
799 2448 852 2507 sin
867 2468 971 2523 aecus,
1029 2442 1166 2506 rasorio
1179 2440 1213 2503 in
1231 2442 1366 2525 gratiam
1382 2441 1577 2510 redireriut.

225 2546 342 2596 contra
359 2558 408 2599 ma
427 2544 545 2601 utaris.
568 2542 618 2602 Ex
639 2564 704 2626 quo
720 2559 818 2627 patet,
838 2566 972 2630 parazo-

224 2634 316 2697 nium
335 2636 462 2720 insigne
488 2639 589 2706 fuisse
613 2646 804 2710 commissae
830 2669 974 2711 summae

228 2735 261 2796 in
312 2740 536 2820 praetorianos
588 2749 768 2829 potestatis.
836 2749 975 2816 Virtutis

228 2836 429 2920 praedicatio
454 2859 520 2921 est,
556 2866 630 2910 eum
655 2872 687 2913 v.
705 2871 733 2914 o.
761 2848 919 2933 Trajanus
942 2852 976 2909 in

228 2941 335 3001 numia
363 2943 574 3008 anntstttn.
613 2952 684 3018 ΕΤ.
718 2951 977 3015 MESOPO'I'A·

227 3043 318 3104 stlat.
341 3056 403 3104 etc.
434 3042 516 3106 illud
540 3070 635 3112 manu
659 3052 787 3114 sinistra
811 3052 906 3115 altius
933 3064 978 3113 at·

227 3143 328 3217 tollit,
350 3143 548 3227 inquibus,
570 3172 643 3213 eunt
667 3154 768 3235 magis
798 3166 870 3215 sunt
896 3153 979 3214 inte·

234 3242 303 3323 gri,
332 3242 547 3310 observantur
573 3251 642 3335 ipsa
661 3254 756 3315 etiarn
774 3255 844 3314 lora
858 3253 979 3337 depen-

233 3342 357 3420 dentia,
388 3366 470 3428 quae
499 3355 709 3433 paraetonium
736 3355 843 3417 cinctu
869 3353 908 3415 ad
935 3355 979 3415 la·

230 3459 282 3507 tus
320 3444 508 3530 {irmabant,
539 3455 626 3541 quoti
656 3456 762 3540 ipsum
805 3455 978 3518 Bimardus

232 3568 363 3631 quoque
376 3550 408 3608 in
423 3555 528 3617 numis
550 3556 620 3619 aliis
639 3577 674 3620 se
694 3558 905 3634 observasse,
925 3556 979 3620 ad·

232 3648 340 3711 firmat
363 3646 406 3732 Ι3).
448 3656 563 3741 Neque
581 3673 689 3723 tamen
705 3661 914 3743 Parazonium
931 3662 977 3723 sic

230 3754 293 3817 tnta
327 3772 380 3819 aut
406 3759 551 3834 virtutis,
590 3775 644 3823 aut
670 3762 803 3824 honoris
830 3762 976 3846 insigne,

231 3872 268 3918 nt
293 3880 358 3920 non
380 3861 476 3923 etiam
502 3860 541 3922 ad
566 3861 709 3924 infimum
734 3884 899 3949 quemque
919 3862 978 3924 rni-

234 3958 347 4038 litum,
372 3961 463 4023 t'elut
483 3965 668 4026 necessaria
690 3988 795 4041 arma,
832 3967 977 4050 pertine·

234 4075 297 4125 ret.
346 4062 455 4125 Missis
484 4064 624 4146 copiosis
648 4068 806 4150 exemplis
829 4068 900 4130 aliis
929 4071 977 4152 ju·

231 4162 295 4226 heo
317 4163 479 4228 lectorem
502 4166 711 4229 considerare
743 4170 880 4233 militent
904 4191 978 4253 gre·

235 4268 379 4349 gauium,
409 4268 515 4352 quiin
535 4282 706 4349 segmento
729 4270 888 4334 inferiore
905 4272 978 4332 illu·

236 4368 311 4430 stris
327 4390 475 4452 gemmae
498 4371 684 4451 Augusteae
710 4371 814 4433 musei
829 4372 982 4435 Caesarei

237 4469 397 4553 erigendo
439 4487 574 4555 tropaeo
610 4487 804 4555 occupatur,
844 4470 877 4534 in
916 4495 981 4558 quo

1295 2590 1315 2628 e
1502 2592 1522 2631 s

1171 2646 1358 2727 Epigraplte
1373 2651 1471 2708 uaria
1483 2650 1653 2727 proditur.

1034 2749 1059 2814 t.
1077 2745 1118 2809 ο.
1136 2744 1243 2810 trax.
1264 2732 1573 2817 castroutttvs
1614 2750 1781 2834 Tempus

1036 2847 1215 2930 distylam,
1236 2851 1273 2910 t‘n
1289 2868 1353 2927 quo
1372 2848 1525 2933 Iuppiter
1541 2852 1662 2916 sedens
1673 2852 1787 2939 aad

1036 2972 1126 3026 mea,
1144 2972 1169 3010 a.
1185 2948 1329 3013 hastam.
1351 2949 1422 3012 AR.

1099 3049 1334 3133 spanhemius,
1370 3048 1584 3129 Vaillantius,
1630 3054 1788 3139 Sahlegs·

1035 3151 1117 3226 lius,
1150 3151 1270 3234 aliique
1300 3165 1453 3227 censent,
1484 3153 1665 3221 aVitstlio
1699 3156 1784 3221 lovis

1037 3252 1211 3335 Capitolini
1243 3266 1354 3336 typum
1388 3254 1530 3332 loetum,
1576 3276 1644 3341 qtto
1680 3258 1784 3341 palm
1814 3302 1817 3307 -

1037 3356 1181 3429 laceret,
1221 3354 1291 3436 ejus
1329 3355 1383 3418 dei
1416 3350 1575 3441 templana
1611 3356 1704 3419 nulls
1731 3378 1786 3421 sus

1038 3456 1131 3536 culpa
1157 3456 1291 3533 arsisse,
1319 3470 1417 3541 atque
1438 3480 1456 3521 a
1479 3477 1514 3521 se
1537 3478 1615 3539 moa
1637 3458 1786 3523 resedifi-

1037 3556 1184 3618 oanduut.
1222 3558 1296 3620 Non
1322 3558 1535 3625 adverterant
1558 3559 1623 3624 riri
1647 3559 1785 3637 eruditi,

1034 3677 1151 3720 nomos
1183 3659 1244 3721 hos
1269 3658 1365 3743 hujus
1395 3660 1535 3725 obtentu
1562 3680 1681 3727 osusss
1708 3672 1785 3751 pso·

1034 3772 1109 3842 pter
1139 3761 1296 3843 temporis
1327 3762 1489 3846 augustias
1510 3760 1609 3825 ieriri
1630 3784 1700 3829 non
1725 3784 1782 3851 pu·

1035 3860 1145 3925 tuisse.
1188 3862 1253 3926 Die
1275 3863 1393 3931 xvltt.
1423 3862 1623 3929 Decembris
1651 3856 1780 3933 Flavias

1035 3962 1173 4026 Sabinus
1193 3987 1211 4027 a
1226 3964 1411 4031 Vitellianis
1433 3965 1587 4031 obsessus
1604 3980 1658 4032 est
1673 3968 1709 4031 ist
1726 3960 1783 4033 Cs-

1034 4064 1151 4147 pitolio
1168 4066 1208 4143 ο).
1232 4066 1398 4130 Postridie
1415 4068 1511 4132 ardet
1527 4068 1727 4155 Capitolium
1740 4068 1784 4153 ἅ).

1035 4168 1085 4229 Re
1117 4166 1224 4231 audita
1251 4167 1445 4252 Vespasiani
1468 4168 1611 4248 milites,
1638 4172 1697 4258 qni
1720 4186 1784 4235 noo

1035 4268 1135 4352 longa
1152 4270 1191 4332 ab
1206 4270 1288 4335 urbe
1305 4271 1457 4348 aberant,
1479 4270 1681 4353 adsumat,
1711 4292 1785 4339 oon·

1039 4368 1163 4453 sstgttur·
1186 4358 1220 4433 tn
1253 4372 1352 4449 arbe,
1379 4370 1536 4441 Vitellia·
1561 4372 1722 4453 rhetias,
1754 4386 1786 4437 st

1039 4488 1195 4551 sineatur,
1229 4495 1312 4561 quae
1353 4472 1462 4561 omnia
1491 4476 1667 4561 contigero
1703 4476 1783 4539 intus

274 4684 305 4751 a)
325 4680 492 4738 sarvia.
512 4684 589 4753 aaa.
625 4680 660 4754 a)
681 4681 719 4738 aa
733 4683 842 4741 toton.
859 4684 894 4743 r.
905 4688 925 4744 1.
946 4696 1050 4763 pan.
1087 4688 1119 4759 a>
1137 4686 1231 4742 uasta.
1244 4682 1312 4741 uta
1330 4684 1381 4743 ιιι.
1397 4686 1441 4751 aa.
1457 4702 1520 4761 aeq.
1558 4686 1596 4759 a)
1614 4684 1694 4747 tnta
1710 4688 1782 4747 aaa
