3998 5340
790 411 853 489 n.
879 350 1200 486 auronius.
1291 352 1299 364 ’
1724 433 1773 508 rr

223 581 261 642 tit
278 580 331 642 rir
346 592 529 668 praestans,
546 579 717 650 Vitellium
734 600 883 666 qnoque,
899 599 973 664 cum
1031 578 1222 646 Ventidium
1253 580 1300 642 in·
1317 583 1457 646 Parthos
1486 586 1680 666 praemittit,
1719 589 1774 674 qui

223 682 370 765 quietem
392 684 572 769 publicam,
601 696 636 746 et
652 681 864 771 concordiam
882 702 976 766 prae·
1033 680 1116 745 duce
1142 681 1289 745 Labieno
1321 684 1372 748 ad‘
1388 706 1446 749 eos
1473 688 1645 772 unnelnga-
1663 689 1773 754 Asiam

220 782 344 864 ferret,
376 789 581 850 Concordiae
612 803 797 866 cognomen
822 785 975 866 eumpsie·
1032 783 1096 847 late
1114 784 1289 851 vastabant.

224 907 260 947 se
283 889 322 969 ⁸).
354 885 443 981 Quid
470 884 678 968 quodetiam
701 889 735 950 in
759 884 974 952 fastisldatio
1393 927 1396 933 ·

212 986 351 1050 tributis
380 988 528 1069 legature
566 987 720 1048 Antonio
752 990 901 1062 Pietate,
938 999 974 1048 et
1325 966 1476 1069 Numi?

221 1088 385 1149 Isaurico.
415 1088 526 1168 Typua
556 1086 615 1148 sub
637 1084 749 1149 eadem
773 1085 913 1170 imagine
938 1100 972 1150 ot
1193 1089 1239 1152 M.
1256 1088 1776 1162 ANTON.-1MP.AVG.111V1R.

223 1188 418 1264 Fortunam,
435 1201 467 1249 et
483 1185 642 1250 Pietatem
658 1187 769 1251 sociat.
791 1189 970 1251 Fortunam
1192 1190 1233 1252 R.
1248 1189 1287 1254 P.
1304 1189 1342 1254 C.
1363 1191 1488 1255 Lituus
1505 1206 1539 1256 et
1551 1205 1681 1276 guttur.

223 1289 345 1351 iaciunt
373 1289 642 1372 gubernaculum,
676 1300 710 1349 et
735 1290 970 1373 cornucopiae,
1029 1291 1067 1351 L.
1083 1291 1294 1358 PLANCVS.
1307 1291 1408 1356 PRO.
1419 1293 1515 1358 COS.
1531 1298 1568 1358 in
1581 1296 1669 1359 alio:
1685 1298 1774 1364 IMP.

223 1390 384 1452 Pietatem
410 1387 552 1468 ciconia,
580 1401 614 1450 et
634 1411 690 1451 ara
712 1389 829 1473 ignita,
856 1404 892 1452 ut
913 1412 971 1453 no·
1028 1392 1145 1457 ITER.
1182 1391 1308 1456 Guttae
1332 1397 1419 1457 inter
1434 1395 1588 1476 fulmen,
1618 1410 1652 1460 et
1677 1403 1776 1461 cndu·

223 1504 294 1552 tum
317 1500 361 1552 ex
385 1490 491 1552 numia
518 1487 714 1552 familiarum
742 1490 910 1574 speciatim
935 1492 971 1552 in
1027 1515 1131 1566 ceum.
1152 1494 1225 1557 AR.

225 1591 366 1656 Caecilia
388 1592 517 1669 Metelli
543 1590 725 1674 Scipionis,
762 1605 831 1654 tum
859 1606 894 1655 et
921 1613 972 1655 se·
1091 1593 1253 1658 Denarios
1282 1591 1344 1657 hos
1373 1595 1550 1680 explicatos
1568 1599 1642 1682 *mm
1674 1600 1775 1664 habea

222 1694 389 1778 quentium
412 1692 660 1777 imperatorum.
983 1769 990 1783 .
1028 1699 1063 1758 in
1087 1709 1184 1780 gente
1206 1696 1367 1772 Munatia,
1395 1717 1435 1758 ex
1459 1718 1521 1781 qua
1542 1696 1603 1762 fuit
1624 1699 1775 1766 Plancus.

289 1798 326 1857 In
350 1794 457 1856 numia
481 1797 512 1858 1..
527 1808 561 1857 et
584 1796 640 1858 111.
666 1792 754 1856 sedis
778 1792 901 1878 legitur
924 1795 970 1856 Μ.
1028 1799 1103 1861 Hoc
1130 1817 1214 1859 anno
1239 1797 1336 1860 Asiae
1362 1798 1540 1881 proconsul
1567 1799 1607 1863 ab
1630 1801 1774 1865 Antonio

221 1897 412 1959 BARBAT.
435 1893 479 1988 Q.
500 1897 537 1957 P.
570 1897 639 1959 Eos
664 1895 730 1976 jam
756 1893 914 1978 proposui
934 1895 969 1956 in
1029 1899 1221 1975 constitutus
1251 1911 1302 1962 est
1330 1900 1470 1961 Plancus
1497 1901 1542 1981 c)‚
1581 1921 1655 1963 eum
1688 1923 1772 1964 anno

220 2010 318 2080 gente
341 1996 491 2074 Valeria,
521 1997 596 2081 quia
617 2011 709 2074 sunt,
738 1997 793 2081 qui
815 1995 967 2074 creduut,
1025 1998 1246 2084 praecedente
1270 2000 1361 2063 bello
1382 2001 1543 2066 Perusino
1565 2024 1628 2087 pro
1653 2004 1693 2068 1..
1710 2005 1775 2064 An-

219 2097 284 2162 hoc
325 2101 459 2164 nomine
501 2096 753 2183 intelligendum
791 2097 968 2161 Barbatum
1026 2100 1118 2169 tonio
1135 2100 1339 2164 interfuisset
1354 2099 1399 2183 d).

217 2201 417 2265 Messallam.
463 2199 531 2264 Sed
570 2200 696 2265 adverti
735 2199 782 2261 ibi
819 2219 968 2284 quoquc,
1287 2251 1307 2288 ,
1391 2202 1411 2239 ⁴
1496 2249 1521 2283 ,.

219 2301 279 2364 sub
310 2300 426 2366 eadem
454 2303 537 2365 baec
568 2314 718 2387 tempora
749 2301 789 2365 ab
815 2301 966 2385 Appiano
1188 2306 1296 2369 ΑΝΤ.Ι
1321 2304 1410 2369 ΙΜΡ.
1442 2305 1575 2372 lltvsst.
1605 2305 1645 2370 R.
1670 2306 1707 2370 P.
1733 2307 1769 2369 C.

219 2405 396 2468 memorari
416 2403 604 2468 Barbetium
632 2402 806 2487 quemdam
831 2402 966 2466 Antonii
1191 2409 1298 2489 Caput
1326 2406 1477 2470 Antonii
1508 2407 1648 2481 nudum,
1686 2427 1773 2488 pone

219 2519 444 2589 quaestorem,
492 2503 663 2585 Βαρβατιος
706 2497 744 2565 dr
770 2503 785 2567 ὁ
814 2506 968 2566 Arreston
1188 2508 1305 2570 litrrus.
1710 2581 1711 2585 η

217 2628 333 2688 ramae
351 2602 404 2692 b),
425 2607 488 2682 sic,
509 2620 547 2668 ut
567 2605 746 2671 verisimile
769 2606 828 2683 sit,
849 2626 965 2672 vocem
1025 2608 1092 2669 (ΖΝ.
1126 2606 1284 2673 ΒΟΜΙΤ.
1314 2603 1655 2672 AHENOBARBVS.
1683 2610 1772 2674 IMP.

219 2721 369 2771 tmncam
404 2706 579 2791 legendam
614 2708 864 2783 BARBATiur,
898 2730 965 2770 nou
1024 2712 1131 2772 Prota
1150 2712 1262 2783 navis,
1289 2729 1397 2791 narra⁸
1411 2727 1511 2785 quam
1533 2720 1671 2772 astrum.
1701 2710 1772 2776 AV.

217 2810 450 2874 BARBATus.
489 2808 579 2871 lstu'd
600 2809 629 2871 si
650 2829 790 2883 verum,
817 2807 904 2870 citati
932 2808 967 2868 bi
1026 2809 1096 2870 AR.
1114 2812 1214 2889 (Mus.
1229 2808 1337 2888 Caes.)

221 2910 348 2973 denarii
375 2911 462 2972 ultra
488 2909 575 2974 hunc
601 2931 720 2972 aunum
747 2908 875 2972 moveri
901 2928 968 2970 non
1090 2912 1270 2973 Hocanno
1288 2907 1451 2969 Domitius
1469 2906 1708 2971 Ahenobarbus
1731 2909 1771 2969 ad

218 3023 390 3096 paternas·
421 3033 495 3075 nam
521 3010 611 3075 addit
640 3010 764 3074 ibidem
786 3009 968 3092 Appianas,
1025 3015 1073 3076 M.
1092 3009 1287 3086 Antonium,
1314 3030 1405 3073 suum
1428 3008 1518 3092 prius
1539 3009 1684 3084 bostem,
1710 3023 1773 3071 tra-

218 3113 408 3177 Barbatium
430 3114 551 3179 eodem
571 3114 635 3178 hoe
656 3131 741 3177 anno
764 3111 804 3175 ab
823 3111 966 3184 Antonio
1016 3113 1092 3181 ,dita
1109 3113 1142 3178 ei
1163 3112 1266 3175 classe
1284 3110 1441 3176 transivit.
1465 3110 1605 3195 Reliqua
1625 3110 1770 3174 adhunc

219 3216 415 3285 descivisse.
1018 3215 1193 3299 'denarium
1214 3212 1410 3298 pertinentia
1431 3215 1587 3296 occupari
1609 3213 1645 3274 in
1664 3215 1771 3276 numis

1024 3317 1131 3402 gentis
1147 3314 1321 3380 Domitiae.

395 3460 438 3522 V.
456 3457 491 3521 C·
511 3462 584 3537 714.
607 3455 715 3521 A.X.
735 3464 793 3528 40.

189 3552 198 3588 ⁸
310 3557 575 3625 111V11t1t12.
596 3557 633 3622 C.
655 3555 751 3619 COS.
771 3554 871 3617 IMP.
1198 3560 1245 3620 V.
1262 3557 1297 3618 (ἶ.
1317 3556 1391 3630 715.
1412 3556 1460 3618 A.
1476 3553 1521 3617 X·
1540 3550 1591 3634 ³9
1622 3577 1625 3580 ⁴

282 3724 428 3788 Inritatus
461 3745 480 3787 a
511 3723 628 3790 Fulvia
663 3741 765 3784 uxore
808 3719 963 3783 adversus
1020 3657 1170 3722 IHVIR‘
1195 3656 1240 3720 R‘
1255 3656 1351 3821 515
1355 3654 1566 3820 Iffiff
1569 3653 1601 3716 S·
1621 3655 1671 3721 H·
1695 3659 1766 3723 ΕΤ·

219 3824 434 3891 Octavianum
458 3827 505 3887 M.
526 3825 688 3887 Antonius
709 3825 746 3885 in
767 3823 891 3885 ltaliam
913 3843 964 3884 re-

218 3926 374 4003 vertitur,
401 3940 436 3990 ct
459 3925 585 3990 bellum
605 3947 661 3989 res
686 3924 873 4009 spectabat,
889 3944 964 3988 cum
1044 3917 1049 3922 ’
1086 3923 1245 3986 Consules
1266 3924 1298 3985 in
1320 3945 1422 3986 annos
1440 3924 1525 3990 VIII.
1545 3923 1767 4009 designantur,

216 4043 401 4113 opportune
424 4042 532 4092 morte
554 4027 691 4093 Fulviae
715 4026 864 4090 restituta
886 4045 982 4108 pax„
1023 4038 1058 4088 et
1078 4024 1237 4087 Antonius
1258 4024 1391 4110 quidem
1411 4027 1444 4087 in
1469 4046 1569 4088 annos
1591 4029 1633 4093 V.
1653 4029 1688 4099 C.
1704 4049 1767 4103 72⁰

217 4153 281 4216 qua
297 4129 418 4194 Oriens
432 4129 574 4191 Antonio
590 4127 780 4211 permissus,
795 4127 891 4210 eique
909 4125 965 4191 de·
1023 4140 1057 4189 et
1099 4126 1172 4208 723.
1225 4126 1400 4194 Ventidius
1442 4127 1639 4204 Labienum,
1691 4132 1768 4193 Par·

216 4245 316 4316 nupta
340 4229 479 4296 Octavia
501 4230 648 4295 Caesaris
671 4249 778 4294 soror.
804 4228 963 4293 Antonius
1022 4229 1161 4312 thoaque
1188 4228 1223 4291 in
1254 4228 1367 4297 Cilicia
1394 4228 1620 4294 internecione
1650 4231 1766 4297 caedit.

252 4555 635 4634 msereuiavnaltcrs.
711 4559 747 4629 b)
767 4559 797 4614 Β.
812 4561 845 4617 C.
860 4560 943 4620 lav.
960 4579 984 4615 e.
998 4571 1042 4621 51.
1117 4558 1511 4631 a)oi01..1tvt11.§.2a
1587 4563 1766 4642 d)Appian.

217 4651 248 4708 B.
265 4652 298 4710 C.
312 4649 389 4708 LV.
404 4669 429 4706 c.
442 4660 485 4709 50.

1452 4741 1520 4806 Fa
