4012 5370
220 474 290 549 598

209 629 268 701 sic
302 646 409 711 nsque
445 622 600 706 deinceps
627 619 764 704 amplius
795 618 966 685 omittitur.

224 734 297 794 Hor
326 728 427 812 igitur
452 724 594 788 admisso
620 724 683 787 rite
707 722 867 785 stabilitur
888 722 968 806 ipsis

224 832 321 897 etiam
343 829 449 891 numis
477 827 680 891 eruditorum
705 824 883 910 judicium,
910 823 965 906 qui

224 953 308 997 anno
335 932 377 997 V.
403 932 440 994 C.
467 928 529 994 836
556 942 708 1009 coeptum
736 950 756 989 s
778 924 968 986 Domitiano

222 1055 296 1098 cum
318 1033 418 1096 Cattis
440 1030 584 1107 bellum,
613 1028 759 1112 illudque
787 1025 852 1088 hoc
880 1046 965 1089 anuo

225 1149 386 1211 exeunte,
404 1148 457 1197 aut
473 1134 606 1195 ineunte
626 1132 732 1193 altero
750 1128 965 1211 compositum

222 1237 420 1321 judicavere.
453 1238 554 1311 Item,
583 1233 610 1296 si
632 1232 713 1294 <lixit
737 1230 895 1292 Martialis
922 1228 964 1292 ‹le

225 1338 410 1402 Domitiano
427 1346 471 1409 ·):

263 1438 422 1503 Nobilius
437 1437 589 1519 (nomen)
604 1436 730 1497 domito
746 1435 864 1497 tribuit
885 1430 967 1496 Ger·

615 1539 729 1597 monia
753 1541 884 1615 Rheno,

385 1640 431 1703 Et
441 1661 525 1722 puer
537 1639 603 1701 lrcc
612 1640 733 1721 dignus
745 1644 876 1703 nonnae
887 1640 966 1703 Coe·

609 1738 673 1800 'sur
691 1761 779 1803 eros.

222 1865 288 1909 non
315 1843 417 1906 voluit
442 1839 603 1925 intelligi,
626 1841 865 1918 Domitianum,
892 1861 965 1905 cum

220 1968 305 2031 puer
327 1945 433 2009 adhuc
454 1958 560 2020 esset,
582 1943 645 2026 jam
663 1942 849 2005 Germanici
871 1942 965 2006 titulo

220 2048 323 2111 fuisse
354 2047 563 2119 decoratum,
599 2042 658 2106 reti
685 2045 844 2107 adulantis
871 2064 964 2106 moro

222 2150 301 2212 dicit
328 2161 472 2224 tantum,
504 2168 579 2210 eum
609 2146 674 2207 hoc
701 2147 833 2207 nomine
865 2145 964 2208 luisse

221 2251 367 2334 dignum,
382 2249 533 2311 nimirum
549 2268 643 2311 causa
659 2247 875 2328 expeditionis
884 2247 966 2309 Ger·

221 2352 366 2417 manicae
389 2351 478 2413 socio
500 2347 672 2421 Muciano,
700 2346 741 2407 de
769 2370 832 2432 qua
858 2362 965 2411 actum

223 2474 336 2534 supra.

517 2634 674 2695 Dacicus.

263 2754 319 2817 Sic
334 2754 454 2817 ‹lietum
474 2752 574 2815 luisse
593 2751 813 2815 Domitianum
831 2774 873 2816 ex
888 2773 965 2838 poe·

220 2871 325 2919 tatum
355 2855 548 2920 testimoniis
574 2868 742 2929 tenemus,
779 2876 862 2939 quae
889 2877 965 2919 eon-

224 2959 324 3043 gessit
341 2958 484 3021 ltebeus
500 2956 549 3038 b)‚
567 2955 624 3019 sed
643 2955 840 3019 auctoritatis
859 2957 964 3040 publi·

223 3082 279 3123 eae
297 3073 505 3122 monumenta
522 3079 566 3121 eo
579 3057 753 3121 abstinent.

466 3244 721 3323 Imperator.
755 3296 764 3311 ,

263 3363 339 3425 Non
376 3361 433 3424 diu
467 3360 628 3424 lectorem
663 3362 697 3422 in
732 3364 795 3425 hoc
826 3363 964 3427 articulo

794 445 1179 523 voluntante.

1025 618 1199 695 morabor,
1240 638 1314 683 eurr
1342 618 1407 682 soli
1434 617 1528 683 numi
1558 620 1657 705 bajus
1683 622 1754 685 titali

1023 742 1178 783 numeros
1204 722 1279 783 satis
1303 722 1478 788 commode
1504 722 1628 809 ligant,
1658 738 1691 787 et
1713 724 1755 789 rit

1023 822 1147 906 aliquid
1188 822 1360 887 conferant
1400 848 1586 903 marmora,
1644 828 1753 911 aliaque

1024 938 1243 989 monuments.
1271 928 1322 987 Ex
1343 926 1394 988 his
1415 926 1520 1011 igitur
1542 944 1684 1008 constat,
1702 932 1755 991 Do·

1024 1024 1190 1088 mitianum
1215 1028 1316 1090 vicies
1342 1042 1376 1091 et
1400 1027 1450 1091 bis
1479 1028 1606 1095 (lictum
1634 1031 1754 1115 impera

1023 1139 1141 1191 torem.
1183 1128 1228 1189 At
1259 1129 1482 1193 liberaliorem
1513 1134 1674 1217 experior
1699 1135 1755 1195 ltu

1021 1228 1174 1305 rellium,
1211 1230 1267 1313 qui
1298 1252 1436 1295 aeneum
1464 1236 1506 1299 Π.
1537 1234 1666 1297 formae
1696 1252 1755 1317 prt-

1021 1331 1116 1411 pouit
1150 1330 1359 1413 inscriptum:
1398 1336 1488 1399 tttP.
1522 1336 1645 1400 xxtll.
1677 1334 1754 1403 COS.

1023 1427 1125 1495 xvll.
1145 1432 1267 1497 GENS.
1285 1434 1322 1493 P.
1340 1435 1379 1498 P.
1397 1436 1436 1499 P.
1453 1436 1494 1513 e).
1525 1438 1661 1501 Licebit
1681 1451 1754 1501 trau

1023 1532 1125 1613 magis
1153 1532 1275 1597 indicio
1304 1533 1383 1599 ltuie
1409 1534 1590 1615 diffidere,
1629 1536 1754 1623 quisti

1023 1650 1114 1693 numu
1130 1632 1305 1717 imaginem
1320 1657 1386 1698 non
1400 1650 1506 1702 exstat
1521 1652 1602 1703 nota
1618 1640 1690 1723 ejus
1703 1660 1755 1701 ma·

1024 1730 1093 1809 sci,
1125 1735 1212 1818 quod
1242 1749 1307 1799 tam
1334 1759 1443 1800 rarum
1474 1740 1647 1805 eimelium
1673 1740 1755 1805 conti·

1023 1847 1131 1898 areret.
1172 1836 1282 1926 Quare
1316 1840 1513 1929 permissum
1548 1840 1647 1905 nobis
1683 1856 1755 1927 pate

1023 1954 1112 2013 mua,
1132 1949 1185 1998 sut
1201 1938 1356 2017 lectoris,
1377 1956 1432 2005 aut
1445 1942 1696 2029 chalenge-spiri,
1713 1952 1755 2007 art

1023 2036 1196 2099 monetarii
1217 2037 1317 2123 ipsius
1339 2044 1453 2107 vitium
1480 2045 1654 2129 suspicari.
1694 2042 1754 2137 Quo

1022 2150 1173 2220 tempore
1196 2139 1283 2206 hunc
1307 2144 1436 2205 titulum
1460 2145 1653 2223 iteraverit,
1675 2164 1754 2229 supr·

1022 2264 1084 2327 per
1101 2244 1250 2330 singulos
1266 2266 1367 2307 annos
1385 2245 1588 2332 adscriptum
1613 2250 1753 2331 reperiet.

1024 2347 1068 2407 At
1089 2347 1124 2407 in
1145 2345 1281 2430 singulis
1303 2345 1454 2431 reperire
1477 2369 1608 2415 cauum
1629 2348 1754 2413 iteratio

1023 2445 1074 2508 nis
1093 2446 1273 2511 tacentibus
1293 2447 1458 2513 historicis
1479 2452 1536 2516 vel
1556 2450 1686 2537 Oedipo
1708 2468 1754 2511 ue·

1024 2548 1147 2631 gotium
1171 2549 1319 2615 facessat.
1356 2554 1438 2615 Eam
1465 2565 1560 2617 certe
1587 2573 1655 2616 nor
1679 2548 1754 2615 ruffi·

1023 2649 1113 2711 ciunt
1130 2649 1244 2713 hostes
1259 2652 1338 2716 victi
1355 2672 1400 2716 eo.
1411 2674 1570 2733 numero,
1595 2674 1691 2741 quem
1709 2650 1752 2715 lie

1021 2749 1135 2813 titulun
1158 2750 1267 2820 offert.
1298 2754 1473 2821 veriorem
1495 2754 1531 2816 ia
1555 2756 1627 2840 ejus
1646 2752 1752 2841 cupitli-

1022 2871 1088 2920 tatc
1114 2858 1266 2943 reperim
1292 2876 1366 2919 nam
1394 2856 1540 2919 oblatum
1564 2858 1665 2921 luisse
1686 2858 1752 2917 Cre·

1022 2958 1147 3023 caribus
1170 2980 1302 3036 aurum,
1329 2958 1590 3043 quotiescunque
1614 2958 1683 3045 quis
1703 2958 1751 3019 in·

1022 3075 1156 3145 perator
1174 3084 1216 3125 ex
1232 3060 1378 3127 victoriis
1397 3060 1586 3138 diceretur,
1610 3062 1679 3145 ipss
1696 3058 1750 3121 aa·

1023 3177 1135 3244 gustus
1164 3162 1337 3246 profitetur
1367 3162 1402 3223 in
1430 3182 1597 3227 marmore
1625 3164 1749 3243 Ancyra·

1022 3283 1065 3324 no
1090 3264 1133 3343 d).
1170 3264 1350 3335 Nonnullae
1374 3264 1416 3327 de
1441 3262 1591 3328 barbaris
1614 3260 1748 3329 vtatortu

1023 3363 1230 3430 Eusebiusin
1244 3364 1409 3429 Chronico
1424 3366 1525 3431 certis
1541 3366 1634 3431 aunis
1644 3362 1749 3431 adlisit.

856 3678 1128 3748 PRETIVM.
1238 3672 1241 3677 ¹

384 3960 530 4019 Aureum
558 3958 714 4022 naasimac
742 3962 867 4025 formae
897 3981 937 4021 ex
960 3982 1074 4027 museo
1092 3963 1181 4049 regis
1205 3962 1383 4028 Galliarum

432 4054 438 4067 '
462 4056 582 4119 indicat
600 4060 642 4121 cl.
656 4060 825 4127 Bcnuvais.

383 4159 542 4245 Argentei
597 4195 999 4215 -----

383 4262 489 4327 Aenei
500 4266 524 4323 1.
541 4264 580 4325 ll.
595 4264 650 4326 111.
669 4262 795 4327 formae

1080 4168 1509 4231 ....c

258 4592 288 4659 a)
309 4588 341 4643 L.
361 4588 397 4646 11.
416 4586 556 4663 θυεμ.
654 4591 685 4643 o
710 4590 799 4647 0011..
815 4609 893 4648 atam.
910 4610 977 4665 pag.
992 4568 1056 4653 aaa
1159 4596 1189 4661 a)
1210 4592 1282 4647 nn..
1301 4591 1377 4647 x1x.
1393 4610 1420 4648 a.
1436 4602 1468 4655 a..
1525 4562 1601 4665 'u
1620 4592 1689 4647 rau.
1704 4586 1744 4645 tt.

218 4698 244 4731 v·
261 4682 310 4737 to..
