3998 5340
239 482 314 553 „50
860 460 1179 537 annianus.

237 657 354 699 numus
392 654 547 721 praeseus
586 635 620 696 in
656 632 817 696 honorem
855 633 987 718 'I'rojani
1045 654 1161 697 numos
1176 632 1251 696 anni
1265 632 1306 701 V.
1317 632 1353 700 C.
1363 629 1429 698 863
1443 651 1486 697 ex
1502 630 1640 720 tripsIe
1654 654 1804 723 prenn-

236 739 498 824 proficiscentis,
538 750 572 801 et
601 737 667 820 jam
699 735 855 799 OPTIMI
891 736 986 799 titulo
1046 737 1175 801 cientis:
1203 735 1377 800 OPTIMI
1388 739 1805 819 cognomenss'bs‘asens·

236 842 393 905 decorati.
432 840 556 904 Norisii
578 837 684 902 tenuia
707 837 896 918 conjectura
918 850 986 914 est,
1045 850 1083 900 tu
1107 840 1273 899 decretum
1293 828 1356 900 Ios
1379 858 1466 900 enno
1493 837 1661 917 Traianus
1680 842 1805 903 admit·

236 946 379 1027 I'rajano
412 946 476 1008 hoc
506 943 663 1008 ΟΡΤΙΜΙ
694 938 793 1002 decus
823 961 841 1002 a
871 953 986 1002 senatu
1044 942 1106 1014 tit,
1131 952 1166 1001 et
1191 937 1280 1023 qnod
1302 938 1441 1024 amplius
1461 936 1607 1018 mirere,
1630 940 1702 1025 jsm
1722 939 1799 1005 inde

233 1045 405 1110 decretum
426 1046 526 1108 fuisse
551 1043 680 1106 labente
704 1040 767 1104 hoc
791 1061 875 1105 enno
898 1041 985 1104 inter
1043 1039 1082 1102 ab
1104 1061 1189 1140 anno
1206 1042 1246 1107 V.
1261 1042 1298 1107 C.
1317 1042 1380 1107 858
1401 1041 1492 1105 velut
1512 1041 1565 1105 sui
1589 1042 1722 1107 oblitus
1743 1032 1799 1105 nir·

232 1148 381 1210 solennia
400 1149 471 1229 ejus
491 1146 604 1207 natalis
624 1145 711 1209 XIV.
730 1142 800 1206 ttat.
817 1143 937 1207 Octob.
954 1146 984 1224 ¹)
1042 1162 1113 1204 mos
1131 1143 1209 1205 citat
1226 1143 1352 1227 Optimi
1372 1144 1467 1207 titulo
1491 1141 1526 1205 in
1549 1146 1662 1209 antica
1683 1146 1798 1211 inseri·

231 1246 665 1332 atqueadcomihisaltem
689 1244 895 1329 intempore
917 1245 985 1307 col·
1041 1258 1126 1326 ptos.
1172 1246 1281 1330 Atque
1315 1245 1378 1310 hoc
1409 1245 1516 1329 ipsum
1547 1245 1703 1311 Occurris
1733 1245 1798 1311 cdi·

231 1350 288 1411 lati
307 1350 377 1431 ejus
393 1349 479 1411 tituli
494 1346 584 1410 belle
600 1367 675 1410 cum
690 1366 817 1408 summo
836 1345 983 1411 hocriro
1042 1359 1130 1409 ctum
1155 1348 1340 1431 respexerit
1358 1347 1570 1424 Vaillantius,
1601 1346 1742 1433 qundo
1763 1350 1795 1411 is

231 1450 397 1512 convenit.
1041 1437 1107 1508 suis¹
1135 1451 1241 1509 numis
1266 1462 1385 1533 praest.
1410 1452 1515 1533 Impp.
1539 1446 1629 1513 'I'om
1651 1453 1695 1513 II.
1722 1470 1794 1535 μς.

291 1552 384 1615 Haec
404 1547 568 1632 copiosius
587 1570 605 1610 a
622 1568 675 1612 me
703 1562 778 1612 sent
805 1548 981 1633 disput-ata,
1042 1566 1098 1608 ses
1124 1549 1205 1614 edit.
1227 1552 1323 1615 Rom.
1347 1565 1474 1615 temere
1495 1548 1641 1629 adserit,
1667 1552 1738 1635 jam
1762 1554 1795 1615 is

228 1654 384 1739 qnoniam
404 1654 540 1714 multum
560 1652 707 1715 serviunt
729 1672 794 1714 non
818 1650 981 1715 modoad
1040 1651 1211 1713 consulatu
1239 1654 1280 1718 V.
1307 1652 1433 1736 Optimi
1458 1672 1649 1737 cognomen
1674 1674 1790 1721 occur·

229 1755 442 1819 collocandos
472 1755 536 1816 rite
566 1775 701 1830 numos,
737 1775 851 1818 rerum
882 1754 980 1816 etiam
1039 1771 1126 1818 rere.
1162 1753 1280 1817 Refert
1302 1753 1499 1817 Muratorius
1520 1753 1791 1841 inscriptionem,

230 1857 448 1941 corrigendos
476 1856 654 1939 scriptores
685 1870 834 1932 veteres,
863 1876 981 1927 notos·
1037 1852 1072 1914 in
1096 1876 1159 1940 qna
1178 1856 1335 1938 Traianus
1364 1854 1484 1919 dicitnr
1503 1858 1575 1923 Tu.
1592 1858 1634 1923 P.
1652 1858 1792 1935 XVIII,

227 1979 309 2042 que,
332 1959 596 2042 ctimposterum
614 1956 747 2020 fraudes
766 1957 978 2041 detegendas.
1036 1968 1072 2018 et
1101 1958 1318 2041 compellatur
1350 1957 1587 2037 Germanicus,
1620 1960 1792 2033 Dacicus,

225 2060 414 2144 xiphilinus
438 2082 478 2124 ex
504 2062 611 2123 Ilione
638 2056 671 2141 b)
697 2073 730 2122 et
753 2061 896 2122 Zonaras
921 2080 979 2122 no·
1038 2058 1218 2121 Parthicus
1233 2059 1276 2140 d).
1304 2062 1353 2124 Ea
1375 2061 1447 2123 viro
1466 2060 1604 2125 erudito
1626 2062 1728 2125 aliam
1749 2060 1790 2125 ob

226 2183 301 2225 men
321 2163 477 2226 OP'l'IlIl
497 2163 637 2242 'I'rajono
658 2159 829 2223 decretum
847 2161 975 2222 nonnisi
1034 2178 1163 2220 causam
1191 2160 1373 2225 adulterina
1399 2161 1539 2227 videtur.
1571 2160 1716 2227 Addere
1734 2184 1789 2249 po·

223 2277 298 2345 post
328 2277 453 2345 captam
484 2263 689 2337 Armeniam,
732 2275 765 2324 et
793 2264 976 2342 Mesopota·
1033 2259 1095 2320 tuit
1122 2273 1158 2322 et
1187 2262 1289 2339 hanc,
1323 2264 1411 2349 qnod
1433 2264 1468 2326 in
1489 2284 1530 2327 ee
1552 2264 1685 2349 Optimi
1713 2286 1788 2351 cog·

224 2364 322 2425 miam
344 2362 515 2437 adserunt,
549 2384 632 2446 quae
655 2384 739 2424 anno
762 2362 902 2446 primum
926 2381 975 2423 se·
1033 2380 1154 2422 nomen
1175 2365 1354 2441 omittitur,
1380 2364 1469 2451 quod
1490 2366 1524 2427 in
1546 2367 1707 2450 genuinis
1722 2388 1788 2431 mo·

224 2477 366 2548 quente,
404 2483 511 2547 eoque
542 2464 617 2524 satis
649 2463 760 2525 adulto
789 2463 974 2547 contigere.
1032 2464 1196 2524 numentis
1215 2485 1290 2526 cum
1310 2467 1371 2530 ose
1391 2466 1467 2534 trib.
1483 2482 1649 2552 potestate
1670 2469 1786 2535 obesse

224 2569 268 2628 At
286 2584 448 2642 marmor,
478 2564 565 2649 quod
589 2579 662 2649 post
683 2566 764 2628 alios
783 2565 897 2629 recitat
916 2566 976 2627 Fa·
1033 2583 1100 2626 non
1116 2564 1216 2640 solet,
1238 2580 1272 2629 et
1291 2566 1411 2632 (licitur
1428 2571 1625 2649 Parthicus,
1640 2592 1716 2657 qno
1732 2592 1788 2637 no-

222 2669 349 2730 brettus
377 2670 423 2750 ο),
461 2668 601 2751 positum
633 2668 791 2733 IDIBVS.
824 2669 975 2732 IANVA·
1033 2666 1120 2728 mine
1150 2667 1307 2750 'I'rajanus
1339 2671 1470 2734 nonnisi
1498 2672 1532 2733 in
1562 2676 1786 2739 monumentis

221 2772 301 2836 ms.
326 2770 623 2837 1..v11>srnrto.
654 2770 900 2832 messanen.
928 2770 972 2833 nr.
1032 2756 1302 2852 ratisponensis
1324 2774 1411 2837 xm
1435 2786 1470 2837 es
1489 2773 1563 2839 xx„
1590 2772 1784 2843 terantur.

222 2873 419 2938 PEDONE.
444 2873 586 2949 COSS.,
615 2872 670 2956 qui
698 2872 794 2935 suere
819 2871 973 2933 consules
1031 2870 1082 2930 En
1105 2871 1165 2932 tibi
1190 2886 1283 2937 notas
1305 2875 1378 2939 illas
1395 2889 1517 2959 syrtes,
1545 2876 1579 2939 in
1599 2876 1722 2961 quibus
1739 2877 1785 2941 in·

221 2977 297 3038 anni
323 2975 508 3059 sequentis,
537 2975 624 3037 etin
648 2994 712 3057 quo
735 2973 894 3055 'I'rsjanus
924 2970 972 3032 di·
1031 2972 1191 3050 consulti,
1216 2988 1250 3038 et
1271 2976 1397 3040 viarum
1416 2977 1517 3040 rntles
1536 2976 1663 3041 falsarii
1681 2980 1784 3065 volgo

221 3077 308 3139 citur
333 3076 540 3140 OP'I'IMVS.
564 3073 688 3149 ΔΥΕ»,
719 3073 886 3136 luculente
916 3074 973 3136 do·
1030 3072 1228 3151 adhaerent,
1259 3098 1322 3142 nec
1349 3079 1410 3144 elia
1439 3079 1542 3163 magis
1563 3080 1697 3147 ratione
1719 3104 1785 3147 ns-

221 3192 291 3252 cet,
318 3197 392 3239 eum
415 3176 479 3257 jam
498 3174 606 3237 medio
626 3175 774 3236 Ianuario
794 3176 834 3240 V.
852 3178 887 3239 C.
908 3176 971 3237 868
1029 3174 1060 3235 ls
1085 3174 1300 3259 impostorum
1319 3180 1402 3245 lidos
1423 3181 1457 3243 in
1477 3180 1629 3265 apricum
1649 3184 1783 3269 proice

221 3277 349 3362 Optimi
377 3298 560 3362 cognomen
591 3276 715 3339 tulisse.
760 3275 849 3368 Quid
882 3275 970 3359 quotl
1028 3286 1092 3338 tur.

220 3381 379 3463 Traianus
402 3380 465 3461 jam
491 3379 617 3443 dicatur
633 3377 830 3443 OPTIMVS
855 3376 886 3438 in
913 3399 971 3439 nu·
1070 3375 1165 3468 Quae
1182 3379 1245 3443 alis
1263 3380 1304 3444 ad
1322 3382 1493 3449 decretum
1511 3384 1600 3451 launo
1619 3386 1781 3453 orum

218 3485 280 3546 mis
299 3483 479 3567 inscriptis:
505 3481 778 3545 tnPEttsuoo.
796 3481 866 3547 VII.
883 3480 967 3544 t'111.
1027 3477 1155 3540 titulum
1180 3483 1366 3564 pertinent,
1397 3486 1483 3550 inira
1511 3486 1545 3549 in
1566 3488 1676 3555 titulis
1700 3494 1782 3555 'I'rs-

218 3587 339 3663 VIIII,
365 3608 449 3672 qnos
469 3584 582 3648 titulos
604 3605 645 3647 ex
666 3584 810 3647 uictoriis
827 3582 967 3665 primum
1027 3581 1091 3659 jani
1113 3586 1390 3652 commemorabo.
1423 3588 1497 3653 IIoc
1521 3591 1599 3653 loco
1624 3596 1781 3681 proposi-

217 3689 439 3764 Armeniaeis,
463 3687 687 3771 Parthinisque
710 3698 822 3748 nactus
847 3697 912 3759 est,
934 3696 968 3747 ot
1026 3696 1095 3745 tum
1113 3697 1235 3747 tantum
1255 3686 1317 3749 init
1334 3689 1367 3749 in
1388 3710 1526 3755 examen
1542 3710 1687 3767 nocere,
1709 3715 1778 3781 quo

216 3805 388 3876 antequam
404 3790 612 3851 PAIi'I'IllCI
628 3788 756 3851 titulum
771 3785 968 3869 adipiscere·
1025 3806 1110 3849 enno
1125 3788 1153 3849 is
1169 3788 1201 3849 in
1219 3802 1327 3873 partes
1341 3794 1464 3859 anticos
1479 3792 1690 3878 cognominis
1703 3798 1778 3861 vice

214 3906 288 3969 tur,
319 3892 375 3977 qui
403 3912 444 3954 ex
471 3892 622 3953 omnibns
646 3889 697 3953 his
729 3889 835 3951 nemis
861 3886 967 3952 adhuc
1025 3887 1230 3955 involaverit.

216 3993 319 4057 abest.
351 3995 444 4076 Ergo
469 3993 497 4054 is
521 3992 647 4077 Optimi
675 3991 805 4053 titulum
830 3989 894 4071 jam
916 4011 966 4053 se·

215 4116 289 4159 cum
319 4096 354 4158 in
380 4094 553 4159 Orientem
581 4093 665 4158 tulit.
708 4094 753 4155 At
777 4091 880 4154 multo
908 4092 965 4153 mi·

213 4222 274 4263 nus
290 4196 465 4262 serendum
482 4209 533 4260 est
551 4197 774 4259 recentiorum
792 4208 963 4277 peceatum

213 4301 247 4361 in
266 4301 335 4383 ejus
354 4300 494 4363 nominis
518 4298 664 4384 prolepsi
686 4295 873 4359 admissum.
902 4296 963 4356 IIi-
1021 4312 1087 4371 quo
1111 4297 1273 4373 probetur
1299 4299 1346 4374 1.,
1381 4300 1558 4379 linianum
1580 4305 1708 4369 bellum
1732 4308 1771 4367 s'ss

213 4424 250 4465 rs
275 4424 353 4467 sano
380 4416 430 4466 est
457 4400 601 4465 Oeconis
628 4396 824 4463 confidentia
852 4396 895 4458 ita
919 4395 961 4459 asI
1021 4395 1164 4458 Parthos
1176 4418 1241 4459 non
1256 4404 1398 4465 mouisse
1405 4404 1476 4480 jons
1488 4424 1577 4469 anno
1591 4408 1635 4471 V.
1647 4408 1684 4471 0.
1694 4406 1768 4487 859.

1116 4136 1591 4215 ANIMADVERSIO
1634 4150 1684 4217 11.

222 4630 278 4773 ¹a)
296 4629 408 4703 Epoclt.
427 4628 542 4703 Syrom.
563 4647 631 4705 psg.
646 4592 710 4689 ott.
822 4626 856 4693 b)
874 4622 906 4681 1⁴·
922 4620 1051 4685 vaffl·
1069 4622 1094 4695 I·
1107 4634 1150 4685 ²5·
1262 4626 1293 4695 ‘J
1310 4624 1348 4683 ‘1⁰
1364 4628 1501 4687 eduum·
1519 4632 1600 4705 TUI·
1618 4652 1686 4713 Μ·
1700 4646 1764 4709 ²93·

212 4720 249 4785 a)
269 4734 335 4795 pag.
352 4730 429 4781 1075·
449 4732 476 4777 2.
