4012 5370
329 477 434 570 ιιιΧ
887 467 1369 544 susurrare.
1449 430 1494 575 *ᾖ

335 683 436 738 nem
463 648 576 765 (Peg
597 643 688 755 14).
719 647 874 732 Verum
891 647 968 730 Dio
999 648 1121 761 longe
1151 644 1265 729 aliud
1284 647 1425 753 docet,
1451 658 1499 730 ut
1521 644 1706 731 dicemus
1731 646 1777 732 in
1810 645 1898 763 ejus

338 791 467 877 lllviri
485 787 634 874 nuruis
664 785 753 892 Ait,
777 779 892 898 (Pag.
907 776 996 890 63)
1017 783 1239 870 Tiberium
1258 785 1396 871 statim
1418 784 1582 870 mortuo
1599 788 1786 898 Augusto
1814 781 1900 869 dic-

336 944 429 1014 tum
446 929 574 1016 fuisse
587 947 758 1044 patrem
782 930 953 1039 patriae
979 925 1092 1038 quod
1110 926 1162 1007 ab
1188 951 1238 1009 eo
1266 925 1466 1038 scripturn
1492 936 1608 1009 tanto
1633 922 1764 1037 magis
1785 922 1905 1007 lubet

334 1070 506 1187 mirari,
538 1099 623 1155 non
660 1069 787 1154 modo
807 1049 812 1061 ’
830 1064 942 1181 quod
973 1061 1164 1148 alletores
1201 1091 1346 1146 omnes
1382 1062 1639 1175 conspirant,
1674 1089 1700 1144 a
1729 1060 1903 1146 Tiberio

337 1204 451 1290 hunc
479 1206 681 1293 honorem
708 1217 945 1291 constanter
963 1202 1089 1286 fuisse
1113 1200 1398 1313 repudiatum,
1428 1199 1501 1286 sed
1530 1200 1656 1285 etiarn
1678 1196 1793 1312 quod
1813 1198 1902 1311 ipse

338 1344 501 1426 nullum
522 1343 846 1458 repraesentavit
867 1370 1065 1449 numum,
1090 1341 1134 1423 in
1159 1368 1241 1452 qno
1272 1339 1469 1424 Tiberius
1493 1341 1537 1424 P.
1549 1341 1592 1423 P.
1615 1336 1900 1450 appellaretur.

203 1509 207 1518 ·
338 1480 427 1586 Ait,
458 1462 570 1596 (rag.
587 1475 675 1587 04)
705 1482 926 1566 Tiberium
952 1478 998 1563 V..
1014 1478 1059 1563 C.
1085 1472 1172 1578 too
1197 1476 1493 1588 imperatorem
1511 1475 1605 1562 Vlll
1634 1476 1687 1558 ab
1717 1473 1904 1559 exercitu

339 1613 467 1700 fnisse
487 1619 735 1727 salutatum,
770 1632 813 1703 et
841 1631 982 1702 tamen
1006 1643 1082 1729 per
1109 1615 1248 1729 plures
1269 1612 1464 1728 deinceps
1495 1615 1632 1698 adbuc
1655 1641 1785 1697 annos
1811 1639 1904 1724 pro·

339 1755 419 1838 sert
453 1783 601 1840 numos
634 1757 851 1869 inscriptos
877 1752 984 1839 lup„
999 1754 1074 1838 Vll
1105 1754 1194 1861 Ait,
1237 1746 1350 1866 (Pag
1373 1745 1485 1857 151.)
1520 1751 1760 1866 ‘Traianum
1792 1748 1837 1833 V.
1857 1749 1901 1832 C

339 1886 428 1992 956
461 1891 571 2006 (lege
590 1886 705 1999 856)
741 1885 902 1977 dictum
927 1891 1055 1975 fuisse
1083 1889 1327 2000 Dacicum,
1366 1904 1408 1977 et
1438 1903 1581 1974 tamen
1604 1891 1689 2006 jam
1722 1886 1776 1969 ad
1797 1884 1843 1970 V.
1861 1888 1905 1971 C.

258 2062 262 2074 ·
336 2035 425 2117 855
456 2019 671 2141 descripsit
702 2019 873 2138 numos,
907 2028 1132 2141 inquibus
1168 2028 1381 2113 isdicitur
1411 2026 1530 2112 GER
1551 2028 1671 2112 ΒΑΘ.
1688 2024 1812 2109 ,Νοίο
1832 2049 1906 2108 cu-

338 2167 501 2249 mulare
526 2168 737 2280 exempla,
767 2194 946 2282 quorum
983 2166 1140 2280 justum
1171 2193 1395 2251 numerum
1419 2167 1464 2250 in
1493 2165 1762 2288 sequentibus
1792 2191 1907 2247 corrr-

337 2303 550 2395 rnentariis
576 2305 787 2412 dabimus,
816 2318 943 2419 atque
970 2281 1082 2388 istud
1111 2302 1164 2387 ad
1185 2302 1390 2416 hactenus
1416 2305 1527 2389 dicta
1552 2300 1758 2387 addidisse
1779 2292 1907 2406 fsufli·

247 2487 252 2490 ·
341 2440 451 2549 ciat,
493 2443 729 2555 catalogum
765 2441 903 2552 hunc,
944 2455 1050 2527 ata
1078 2439 1351 2526 Mediobarbo
1389 2438 1582 2557 vulgatus
1620 2454 1779 2550 exstat,
1822 2470 1907 2526 non

337 2576 464 2662 modo
488 2577 606 2685 illos,
641 2579 713 2691 qui
728 2579 984 2687 utivolunt,
1011 2579 1057 2692 in
1073 2578 1165 2686 avia
1191 2578 1366 2688 ducere,
1392 2578 1465 2664 sed
1491 2592 1533 2663 et
1555 2607 1807 2693 magnopere
1829 2579 1908 2662 irn-

339 2715 491 2830 pedire.
530 2717 651 2826 Quod
680 2717 715 2801 si
746 2717 896 2831 Pagius
928 2718 985 2801 in·
1003 2743 1079 2798 sua
1105 2717 1272 2801 Baronii
1302 2718 1454 2802 Critica
1482 2746 1567 2801 non
1599 2744 1694 2803 raro
1734 2716 1907 2831 quaevis

339 2853 426 2957 alia¹
444 2866 960 2939 monumenta-nummum
984 2852 1221 2939 auctoritati
1238 2857 1505 2941 anteferenda
1524 2855 1698 2968 putavit,
1720 2856 1776 2938 ad
1792 2852 1906 2939 istud

341 3021 385 3074 se
404 2990 606 3105 judicium
623 2992 867 3078 necessitate
891 2992 1153 3105 compulsum
1171 2991 1304 3102 vidit,
1324 2995 1421 3106 quia
1445 2994 1544 3079 alios
1567 3023 1717 3078 numos
1741 2993 1788 3076 in
1806 3018 1906 3078 con-

340 3127 479 3210 silium
497 3155 582 3208 non
607 3126 819 3235 adhibuit,
850 3130 930 3213 nisi
950 3158 1054 3283 «pros
1076 3131 1129 3211 ab
1151 3133 1336 3241 Occone,
1367 3145 1411 3217 et
1426 3132 1699 3217 Mediobarbo
1723 3129 1904 3242 descrip-

341 3277 405 3346 tos
429 3261 590 3374 reperit
626 3262 754 3374 Atqui
781 3266 921 3349 testari
958 3264 1046 3378 ipse
1071 3294 1274 3377 possum,
1304 3264 1387 3381 qu'o
1418 3281 1607 3382 ternpore
1632 3270 1685 3353 ad
1710 3267 1904 3356 ordinan-

343 3400 438 3502 dos,
473 3396 821 3513 expficandosque
839 3405 1122 3516 Arrgustorum
1142 3431 1293 3491 numos
1317 3407 1495 3517 accessi,
1522 3436 1619 3490 cum
1645 3406 1794 3492 eodem
1813 3406 1903 3490 Me-

343 3511 532 3639 diobarbi
565 3536 751 3693 catalogo
776 3523 979 3637 nondum
993 3539 1091 3623 satis
1119 3542 1332 3654 explorata
1363 3546 1452 3658 ejus
1482 3558 1628 3628 natura
1661 3543 1724 3628 uti
1748 3544 1905 3656 incipe-

342 3700 453 3780 rem,
479 3674 588 3757 sensi
606 3704 675 3759 me
693 3675 851 3789 laqueis
869 3676 1082 3791 undique
1071 3680 1298 3787 irretitum,
1328 3708 1381 3765 ex
1406 3681 1557 3795 qaubus
1586 3711 1655 3766 me
1682 3695 1805 3766 antea
1833 3709 1905 3767 ex·

345 3809 487 3966 pedire
523 3840 608 3895 non
643 3813 790 3925 potui,
838 3843 964 3927 quarn
1004 3845 1081 3929 ego
1114 3817 1274 3901 fallacia
1310 3848 1360 3904 ea
1391 3821 1630 3904 testimonia
1659 3834 1902 3934 aspernatus

346 3948 468 4043 nnilu
486 3949 621 4032 musei
641 3951 832 4037 Caesarei
849 3980 1013 4079 numos,
1033 3954 1231 4067 aliosque,
1262 3985 1365 4071 quos
1387 3987 1416 4040 a
1432 3959 1530 4046 viris
1549 3959 1631 4044 lide
1655 3958 1789 4073 dignis
1813 3959 1905 4045 vul-

346 4101 461 4200 gatos
492 4113 712 4195 noveram,
751 4074 1004 4201 sequendos,
1043 4091 1356 4226 audiendosque
1382 4095 1491 4181 duxi
1532 4096 1644 4211 Ergo
1664 4098 1903 4210 quicunque

346 4214 636 4338 explicandae
631 4239 829 4311 monetae
842 4229 1079 4340 Augusteae
1100 4229 1233 4318 dabit
1230 4261 1429 4346 operam,
1458 4247 1622 4320 tantum
1650 4234 1804 4350 jubebo
1828 4233 1903 4316 dif-

347 4362 474 4447 fidere
503 4363 799 4469 Mediobarbo‚
833 4378 1036 4475 quantum
1060 4367 1247 4475 Goltzio,
1278 4399 1376 4454 curn
1402 4365 1510 4456 inter
1540 4384 1766 4487 utrumque
1791 4370 1904 4456 alind

347 4493 593 4585 discrimen
584 4531 668 4588 non
686 4502 904 4616 reperiam,
934 4502 1013 4586 nisi
1034 4505 1450 4615 quodMediobarbus
1469 4511 1647 4597 nimium
1664 4540 1793 4625 saepe
1817 4537 1903 4596 cre·
1978 4590 1989 4599 ,

296 4683 300 4689 ‚
347 4627 506 4745 dulus,
531 4650 652 4751 saepe
679 4641 805 4740 etiarn
834 4640 970 4724 minus
997 4645 1354 4748 auenms‚bono‘
1370 4661 1510 4732 tamen
1537 4650 1618 4734 fide
1649 4678 1798 4735 numos
1833 4664 1903 4733 aut
1997 4702 2000 4708 ·
