4012 5370
95 408 102 421 ’
225 454 296 525 sot·
892 430 1109 502 senen

223 614 259 669 (ἑ.
366 608 453 668 ΙΜΡ.
494 600 657 669 NERVA.
697 600 820 664 CAES.
864 598 967 666 Ave.
1025 598 1191 661 insertam.
1214 598 1258 657 At
1273 594 1471 679 dixisupr's,
1491 612 1564 658 non
1585 594 1671 661 satis
1686 596 1765 659 uniat

363 706 495 769 PONT.
509 704 618 769 uult
633 704 704 767 Til.
716 704 755 768 P.
776 705 882 785 ceput
897 704 970 764 luu-
1025 699 1171 769 Victoris
1214 696 1403 761 testimonio
1446 696 1612 761 Cretense
1649 698 1764 763 oeus

363 822 510 882 reatum,
531 813 568 871 in
588 808 670 871 AV.
689 819 724 869 et
743 806 825 869 Att.
1025 823 1130 887 genus
1155 799 1338 885 probatum.
1368 800 1528 863 Ceterum
1558 799 1681 863 similis
1704 800 1766 865 Dis

481 952 501 991 g
585 908 605 947 ⁴¹
689 951 710 990 „
1024 925 1086 969 nae
1102 916 1197 988 typus
1214 894 1370 988 dequens
1384 914 1437 965 est
1450 900 1487 965 iu
1500 902 1614 967 numis
1632 902 1767 987 Augusti,

364 1017 410 1075 rr
427 1013 483 1078 rr.
497 992 550 1076 Ἀ.
1025 1026 1126 1091 quem
1149 1004 1197 1067 un
1224 1004 1265 1069 sa
1284 1004 1430 1069 strum
1452 1002 1678 1071 nonnoso
1701 1000 1766 1067 ne

221 1113 491 1180 CONCORDIA.
520 1109 827 1179 Exnltcffvvot.
871 1113 969 1173 Duae
1027 1130 1108 1171 mus.

219 1223 377 1281 dexteros
389 1217 526 1295 junctae
540 1214 643 1291 jrsctu
658 1214 808 1293 aquilem
823 1212 970 1295 legionu-
1034 1242 1039 1257 ·
1172 1209 1220 1270 Vt
1237 1207 1289 1269 lit.
1307 1207 1356 1271 A.

220 1324 307 1383 rium
323 1338 445 1400 prorue
463 1317 560 1377 nevis
579 1310 729 1395 infixam.
756 1315 828 1381 As.
845 1313 916 1378 ts.
937 1325 971 1376 ct
1027 1310 1056 1372 F
1057 1309 1151 1372 1scl.
1187 1309 1363 1375 tvnstct
1398 1307 1651 1379 cavetote.
1688 1306 1767 1373 sits

220 1421 335 1480 addito
354 1417 389 1477 S.
404 1415 440 1477 C.
458 1418 494 1477 in
509 1415 580 1477 ΔΕ.
593 1416 618 1479 1.
638 1416 736 1487 (Mus.
749 1414 857 1488 Caes.)
1025 1412 1161 1475 Lete.
1202 1410 1238 1473 S.
1260 1408 1297 1473 C.
1338 1410 1470 1477 Prtnn
1507 1412 1584 1476 ΔΕ.
1622 1414 1649 1477 l.
1684 1412 1766 1493 (uus

261 1517 386 1580 Indicas
411 1530 505 1600 typus
529 1535 663 1579 aversae
692 1514 900 1579 concordiam
924 1515 970 1575 le·
1029 1516 1139 1594 Caes.)

221 1621 353 1703 gionum
384 1632 448 1681 tam
474 1617 702 1695 terrestrium,
736 1638 833 1703 quam
862 1615 970 1680 classi·
1070 1613 1150 1677 Inde
1186 1636 1205 1675 a
1243 1610 1356 1696 primis
1393 1610 1603 1697 reipublicae
1634 1610 1766 1675 Iudaicae

220 1740 344 1785 carum.
1026 1712 1231 1799 temporibus
1259 1712 1370 1775 lodoci
1392 1712 1572 1777 dimidium
1600 1712 1692 1791 sicli,
1719 1732 1767 1775 ssu

364 1826 409 1885 Vt
426 1822 480 1886 lit.
494 1822 540 1886 A.
557 1833 591 1883 et
604 1820 647 1885 Β.
1027 1818 1105 1881 dnos
1128 1815 1297 1879 drachmas
1322 1814 1358 1875 in
1380 1836 1475 1877 usum
1498 1815 1614 1879 altaris
1635 1816 1765 1901 pendete

219 1923 429 1988 contentu.
443 1925 511 1986 PR.
522 1922 556 1986 S.
570 1922 608 1986 C.
632 1920 816 2003 Imperator
833 1930 970 2005 togatus
1026 1918 1240 2001 jubebantur,
1261 1928 1297 1978 ut
1318 1914 1434 1999 legere
1457 1930 1509 1979 est
1530 1916 1566 1979 in
1589 1916 1679 1981 libro
1696 1916 1765 1979 Este

220 2031 256 2088 in
283 2038 444 2107 suggestu
474 2026 649 2086 considens
673 2022 847 2085 adsidente
868 2024 971 2101 jecta
1027 2019 1061 2083 di
1076 2017 1119 2102 ¹³).
1142 2020 1192 2081 Ea
1206 2016 1346 2103 pecunia
1360 2016 1499 2081 subinde
1515 2018 1552 2081 in
1566 2018 1686 2103 templi
1696 2036 1766 2083 ssu·

221 2129 292 2190 ulie
293 2124 411 2210 figure
421 2138 549 2209 togate,
562 2127 677 2187 adstat
680 2120 800 2208 figura
811 2134 971 2186 tesseram
1024 2135 1102 2207 ptus
1128 2120 1247 2191 cessit,
1277 2118 1396 2183 collata
1420 2138 1489 2183 non
1511 2118 1616 2185 modo
1643 2120 1684 2185 ab
1706 2118 1764 2195 bis,

220 2244 352 2303 tenens,
387 2238 422 2289 ct
447 2228 519 2290 clio
535 2248 596 2311 per
607 2227 737 2307 grodns
754 2226 970 2297 adscendens,
1028 2225 1084 2309 qui
1105 2223 1255 2289 Iudaeam
1278 2220 1467 2299 incoluere,
1500 2222 1563 2287 sed
1593 2236 1631 2287 et
1656 2220 1696 2287 sb
1716 2222 1765 2295 is,

216 2348 303 2407 pone
311 2328 464 2391 Palladis
476 2330 620 2407 signum.
636 2326 707 2389 ΑΕ.
717 2325 742 2389 Ι.
753 2326 851 2408 (Mus.
861 2326 969 2404 Caes.)
1026 2324 1139 2412 quiin
1164 2342 1355 2410 quacunque
1380 2322 1471 2386 orbis
1490 2338 1588 2409 parte
1611 2322 1765 2391 remitte·

262 2430 387 2489 Nemus
410 2428 465 2489 hic
490 2428 567 2489 satis
590 2438 640 2488 est
659 2425 829 2510 cognitus,
861 2442 895 2491 et
918 2450 969 2492 su·
1025 2441 1096 2504 tur,
1126 2425 1281 2489 Ilomsuis
1309 2424 1473 2511 privatum
1500 2426 1591 2491 istud
1625 2426 1764 2491 nibem

220 2542 331 2613 specta
362 2526 440 2589 mihi
466 2529 565 2591 lectio
591 2528 681 2589 numi
700 2528 834 2591 alterius
858 2544 969 2594 cetera
1025 2528 1091 2612 jam
1121 2527 1320 2605 vetantibus,
1356 2528 1449 2613 cujus
1477 2549 1579 2613 supra
1606 2526 1643 2591 in
1671 2526 1764 2591 uuus

221 2630 395 2708 simillimi,
429 2650 528 2715 quem
557 2628 659 2692 edidit
688 2630 820 2693 Petinus
842 2638 890 2714 ⁸),
934 2634 968 2694 in
1026 2630 1218 2715 Vespasiani
1245 2651 1279 2714 p.
1298 2629 1361 2705 3¹7
1395 2631 1549 2715 exempla
1583 2628 1680 2707 dedi,
1710 2630 1765 2713 jus

220 2753 286 2817 quo
311 2732 339 2794 is
364 2731 462 2815 legit:
493 2731 701 2796 CONGIAR.
724 2734 764 2797 ll.
787 2734 966 2817 praecipue
1026 2732 1135 2797 edicto
1177 2728 1461 2816 permittentibus,
1504 2730 1602 2817 eujus
1646 2730 1765 2819 genesis

220 2836 247 2896 si
270 2856 344 2919 pars
368 2834 504 2899 adversa
527 2833 733 2897 consulatum
750 2835 789 2894 ll.
809 2834 977 2899 inscribit·
1024 2856 1124 2897 unum
1147 2834 1281 2897 nomine
1301 2832 1444 2917 Augusti
1463 2832 1637 2921 vulgatum
1657 2854 1766 2921 propo·

218 2937 408 3002 Verisimile
431 2956 497 2998 non
520 2949 585 3014 est,
613 2938 756 3002 Nervam
774 2936 880 2999 virum
900 2957 969 3000 mo·
1025 2936 1089 2999 suit
1105 2936 1203 2999 Philo
1221 2932 1358 2998 Iudaeus
1374 2943 1420 3012 ο),
1442 2948 1475 2999 at
1489 2935 1590 3021 plura
1607 2936 1764 3001 alis-lose·

219 3038 397 3101 (levationis
418 3034 569 3120 cognitae
590 3036 673 3100 intra
690 3051 757 3100 tres
773 3058 903 3102 menses
917 3038 999 3102 bis·
1024 3038 1108 3122 phua
1131 3026 1194 3120 (1)(
1216 3036 1309 3115 Idem
1329 3035 1427 3100 Philo
1454 3050 1666 3125 corrogatum
1691 3036 1763 3101 truc

220 3139 423 3201 distribuisse
446 3139 665 3221 congiarium,
688 3157 770 3222 quae
788 3140 967 3204 liberalitas
1025 3138 1197 3223 pecuniam
1225 3137 1400 3222 aliquoties
1421 3158 1484 3222 per
1505 3138 1585 3203 eum
1606 3152 1764 3205 uectatus

216 3261 297 3302 ‚caro
322 3240 421 3302 stetit.
451 3238 592 3307 Videtur
614 3258 677 3322 pro
699 3241 769 3306 PR.
790 3262 968 3326 perperam
1024 3254 1120 3304 vocat
1137 3238 1301 3327 increper,
1317 3242 1507 3324 primitius,
1525 3262 1611 3328 ergo
1629 3242 1685 3307 illa
1700 3260 1763 3307 stu·

219 3340 342 3423 legisse
358 3344 398 3403 ll.
1024 3342 1101 3405 dem
1125 3342 1238 3406 hahuit
1255 3354 1402 3405 naturam
1419 3360 1495 3406 cum
1513 3342 1555 3407 iis
1574 3342 1761 3417 mutabas.

366 3448 412 3509 Vt
425 3445 478 3507 lit.
494 3444 530 3508 C.
1024 3466 1106 3527 quac
1126 3443 1205 3507 olim
1221 3442 1371 3508 coloniae
1385 3444 1630 3528 metropolibus
1648 3446 1688 3513 ad
1706 3442 1762 3511 tul·

220 3545 314 3610 COS.
331 3550 371 3612 ll.
390 3547 533 3611 DESlG.
552 3548 605 3609 111.
621 3546 659 3611 Ρ.
675 3546 714 3610 Ρ.
738 3549 853 3610 Diana
871 3567 966 3610 cena·
1023 3558 1092 3607 tum
1124 3545 1306 3630 patriorum
1333 3542 1475 3609 deornm
1510 3548 1652 3631 singulis
1683 3544 1762 3611 anni

220 3655 292 3713 tris·
317 3653 476 3733 gradiens
503 3652 716 3729 drogittom
741 3648 966 3731 explantetur
1024 3648 1155 3711 mittere
1186 3665 1408 3724 consuevere,
1445 3668 1512 3733 quo
1548 3650 1651 3715 modo
1678 3648 1762 3731 Poly·

215 3754 341 3834 promit
357 3754 478 3812 comite
494 3771 585 3814 cane.
610 3750 679 3810 AR.
724 3769 727 3775 ·
1023 3750 1095 3812 bius
1111 3769 1240 3835 quoque
1255 3748 1383 3814 vocarit
1398 3746 1547 3835 ἆπαςχας
1561 3750 1664 3830 illud,
1685 3744 1765 3845 quod

262 3850 426 3914 Observat
453 3849 666 3927 Vaillantius‚
709 3852 795 3914 hunc
829 3870 965 3913 aversae
1024 3852 1307 3935 Carthaginienses
1338 3852 1462 3935 'Pyrum
1490 3852 1691 3939 metropolin
1715 3870 1758 3913 su·

219 3966 330 4036 typum
364 3951 399 4013 in
432 3964 564 4014 monete
593 3953 738 4015 Romana
768 3952 966 4016 insolentem
1024 3974 1073 4016 am
1097 3950 1227 4017 mittere
1249 3967 1324 4017 sunt
1341 3954 1430 4019 soliti
1450 3966 1490 4030 ο).
1518 3960 1758 4021 strennuus

219 4076 302 4120 esse.
341 4054 464 4118 Censet
494 4052 612 4134 igitur,
644 4073 719 4116 cum
747 4054 890 4119 Nervam
924 4075 966 4118 ex
1024 4056 1121 4119 etiam
1141 4069 1226 4119 teste
1247 4054 1367 4119 codem
1388 4056 1533 4121 Philone
1553 4056 1599 4141 ί),
1628 4082 1648 4125 a
1673 4054 1755 4121 totius

220 4160 318 4222 Creta
351 4155 525 4219 oriundum
564 4153 651 4216 dicat
685 4156 819 4234 Victor,
862 4156 966 4220 Diana
1024 4157 1112 4221 orbis
1134 4156 1260 4223 ludaeis
1288 4169 1430 4223 sanctam
1457 4158 1627 4225 cirinum
1652 4172 1754 4225 metto-

220 4273 326 4321 autem
350 4256 506 4342 singulari
527 4256 566 4317 in
591 4257 652 4319 bac
674 4258 779 4320 insula
802 4259 964 4343 religione
1022 4254 1108 4343 polis
1129 4259 1205 4324 loco
1227 4260 1329 4325 luisse
1350 4260 1506 4325 habitam.
1544 4262 1696 4329 Ceterum
1713 4256 1751 4321 di·

220 4363 404 4437 coleretur,
432 4375 609 4444 propterea
633 4359 804 4423 camboio
829 4360 965 4424 denario
1022 4376 1109 4426 ctum
1146 4361 1230 4425 illud
1263 4362 1432 4425 dimidium
1461 4362 1537 4428 sicli
1567 4366 1630 4430 tuit
1654 4376 1749 4429 nmen

258 4590 612 4668 a3Tlros.nnrn.p.15o
714 4590 750 4662 b)
765 4588 851 4648 XXX.
866 4604 961 4657 1213.
1067 4587 1319 4666 c)dechat.od
1331 4590 1435 4649 Caium
1448 4604 1556 4670 ΜΨ.
1656 4590 1745 4663 dlbn·

221 4678 273 4751 riq.
290 4680 320 4732 L.
335 4679 412 4735 xt't.
427 4698 452 4735 c.
467 4690 493 4742 o.
596 4684 625 4749 o)
645 4680 819 4753 Eue-legat.
841 4694 899 4741 tls.
1002 4680 1294 4753 QAdsersAElacc.
1664 4676 1671 4689 '
