4012 5370
364 491 480 633 un
569 520 573 529 ’
890 521 1386 617 vvrnamarrro.

347 709 631 812 demnatum,
656 703 753 818 quia
772 700 984 786 omissum*
1008 701 1149 785 Altero
1172 700 1297 785 modo
1316 726 1542 813 procurare
1560 702 1788 814 puritatem
1811 707 1923 789 adla-

366 843 533 952 boravi,
558 839 793 927 revocando
813 840 866 923 ad
885 837 1104 925 sanitatem
1123 863 1349 921 munorum
1371 852 1443 923 aut
1465 839 1736 953 epigraphen,
1767 859 1845 929 aut
1860 862 1923 958 ty.

352 1009 516 1093 'ponam
545 994 721 1088 statum,
754 979 975 1091 inquibus
1004 964 1314 1089 promulgandis
1346 1004 1470 1089 quarn
1503 978 1689 1091 graviter
1713 1007 1841 1094 saepe
1868 986 1923 1066 ab

368 1119 605 1232 antiquariis
627 1132 849 1231 peccatum
870 1113 1015 1220 fuerit,
1044 1139 1312 1196 commonere
1340 1143 1515 1198 necesse
1536 1144 1621 1199 non
1649 1128 1734 1223 est,
1761 1131 1805 1202 et
1833 1120 1922 1204 sine

368 1256 519 1368 quibus
539 1255 592 1338 ad
610 1255 828 1339 veritatem
848 1247 1047 1335 restitutis
1072 1250 1163 1334 fieri
1183 1278 1267 1334 non
1285 1262 1442 1363 potest,
1470 1265 1520 1337 ut
1541 1278 1608 1336 ars
1628 1253 1920 1339 numisrnatica

352 1419 436 1475 ‘eos
451 1376 666 1504 ⁸rependat
693 1391 875 1496 fmctns,
905 1417 1009 1501 qnos
1032 1389 1086 1470 ab
1108 1415 1158 1470 ea
1184 1389 1237 1471 ob
1255 1387 1504 1500 multiplices
1530 1417 1674 1473 causas
1697 1389 1922 1505 philologia

365 1541 501 1639 potest
519 1541 766 1639 exspectare.
788 1525 869 1638 Qui
888 1522 1208 1609 commentarios
1226 1525 1303 1608 hos
1322 1526 1591 1638 pervolverit,
1611 1527 1816 1612 continuo
1832 1557 1922 1640 per-

366 1648 530 1775 spiciet,
559 1695 626 1748 me
645 1665 688 1748 in
708 1664 844 1748 munis
866 1662 1163 1776 adprobandis,
1192 1662 1509 1747 restituendisve
1529 1693 1692 1747 summa
1710 1693 1809 1748 curn
1830 1666 1921 1749 reli-

356 1801 507 1912 gione,
537 1816 579 1887 et
596 1779 1115 1913 circomspectionefuisse
1136 1813 1362 1885 versatum..
1983 1902 1986 1907 1

451 1939 516 2022 Ad
534 1939 721 2023 ordinem
738 1937 851 2052 qnod
870 1937 1035 2045 attinet,
1055 1950 1237 2044 constat,
1253 1937 1297 2021 in
1318 1938 1644 2047 conscribendis,
1665 1922 1921 2023 ordinandis-

351 2081 751 2189 ·queAugt1stonnn
781 2073 917 2158 manis
944 2073 1077 2158 alium
1101 2075 1190 2159 aliis
1217 2073 1417 2185 placitum
1444 2077 1580 2159 fuisse.
1622 2077 1732 2157 Alibi
1755 2076 1841 2158 dixi
1863 2069 1917 2183 ἢ),

364 2213 553 2298 omniurn
571 2211 988 2324 praestantissimum,
1018 2212 1370 2325 utilissimumque
1385 2205 1518 2298 videri
1536 2212 1725 2296 ordinem
1742 2211 1918 2297 chrono-

363 2327 565 2463 logicum,
595 2349 800 2463 attidique
820 2349 999 2434 rationes
1020 2378 1187 2462 graves,
1224 2376 1325 2461 (pras
1347 2376 1576 2463 recoquere
1600 2346 1779 2435 otiosum
1799 2351 1910 2436 foret

361 2487 515 2599 Neque·
526 2466 703 2599 amplius
722 2487 871 2570 addam
891 2485 944 2570 ad
952 2515 1021 2593 ea,
1056 2516 1163 2600 qnae
1184 2487 1227 2570 in
1252 2487 1506 2599 praefatione
1525 2488 1792 2601 adpraesens
1810 2516 1911 2600 opus

363 2623 416 2707 de
444 2623 705 2707 moderandis
735 2625 1041 2709 commentarii<
1070 2628 1270 2737 praecepi.
1317 2623 1526 2709 Nimirum
1557 2653 1682 2738 quam
1711 2624 1909 2710 hactenus

361 2761 496 2871 legem
522 2743 773 2873 sequendam
802 2761 903 2845 duxi
910 2830 926 2870 ,
950 2758 1087 2846 eidem
1111 2793 1180 2846 me
1210 2762 1403 2876 deinceps
1429 2789 1596 2876 quoque
1622 2761 1910 2868 inhaesurum,

243 2930 247 2939 ’
361 2897 602 3008 quod-istud
621 2900 791 2982 eaedem
810 2884 961 2983 causae
980 2887 1171 3013 exigunt,
1195 2899 1427 3013 inspicienti
1445 2899 1611 3013 patebit.

355 3198 359 3216 ·
399 3180 549 3248 a)Vol.1.
571 3182 686 3257 Proleg.
704 3202 769 3258 gen.
790 3203 853 3259 cap.
866 3184 963 3242 XXIV
