4012 5370
244 417 312 527 102
837 434 887 505 n.
921 429 1192 521 nostres.

238 613 275 672 Ρ.
288 606 487 673 LICINIVS.
516 602 676 670 STOLO.
701 603 859 671 PRAEF.
883 604 983 672 VRB.
1041 620 1084 664 eo
1109 612 1205 683 capnt
1225 597 1365 682 Augusti
1377 595 1541 683 agnoscit.
1582 598 1720 687 Vtrique
1738 613 1780 667 u.

212 712 371 781 illvm.
393 706 433 771 A.
459 707 500 772 A.
520 707 560 772 A.
576 707 615 770 F.
634 707 673 767 F.
718 706 875 789 clypeus,
903 727 985 789 pura
1040 724 1118 767 men
1146 701 1275 767 erudito
1312 701 1384 765 viro
1412 700 1575 763 numisma
1601 716 1779 787 suspectum

235 818 348 889 navis,
365 812 542 892 pharetra,
562 825 648 890 apex
659 804 875 889 pontificalis.
909 807 981 874 ΑΕ.
1039 804 1180 870 videtur.
1218 803 1263 865 At
1285 822 1338 865 me
1364 802 1472 884 judice
1487 823 1556 866 non
1572 803 1664 867 intcr
1677 826 1779 889 auspe-

234 934 321 977 max.
336 910 423 977 mod.
437 907 649 995 praegrandis
668 908 852 975 voluminis.
879 910 981 992 (Mna.
1040 920 1107 983 cta,
1136 905 1196 969 scd
1224 904 1329 988 palam
1357 903 1540 967 adulterina
1563 902 1777 989 ablegabitur.

208 997 347 1099 ,(3863)
1040 1005 1129 1092 qnod
1154 1005 1234 1067 mihi
1256 1006 1340 1069 illud
1371 1005 1525 1070 adcurate
1545 1008 1778 1092 contemplanti

389 1117 496 1192 Caput
508 1113 639 1192 puerile
659 1110 792 1177 nudum.
1040 1128 1082 1172 cx
1108 1108 1246 1185 fabrica,
1272 1108 1409 1193 aliisque
1435 1106 1544 1171 modis
1560 1108 1661 1173 facila
1674 1110 1777 1195 patuit.

236 1219 273 1279 P.
284 1215 481 1283 LICINIVS.
504 1211 664 1276 STOLO.
686 1214 817 1281 IIIVIR.
839 1211 880 1273 A.
890 1212 929 1272 A.
939 1211 979 1276 A.
1038 1211 1084 1271 Et
1107 1208 1282 1272 ridiculum
1307 1230 1405 1284 sane,
1438 1215 1649 1295 praejectum
1676 1215 1775 1289 urbis,

231 1320 272 1383 F.
293 1319 332 1383 F.
356 1323 392 1378 iu
408 1318 532 1377 medio:
572 1314 606 1376 S.
623 1313 661 1375 C.
691 1313 761 1376 ΑΕ.
779 1315 802 1373 1.
831 1312 981 1390 (Morclli
1039 1309 1128 1394 quod
1145 1332 1260 1374 munus
1276 1311 1406 1376 nonnisi
1420 1312 1499 1377 viris
1522 1312 1676 1391 summit,
1696 1312 1774 1377 atsi

232 1421 267 1483 in
297 1420 382 1501 Aug.
404 1416 468 1479 tab.
484 1416 586 1483 XXV.
614 1435 646 1473 n.
664 1433 711 1494 aq.
735 1433 777 1475 cx
801 1433 882 1477 mus.
908 1434 982 1497 reg.
1038 1413 1110 1475 aliia
1134 1412 1313 1477 honoribus
1333 1413 1518 1496 conspicuis
1543 1414 1691 1480 delatum
1706 1414 1775 1491 suit,

232 1521 319 1584 Gall.
346 1516 521 1604 spanheim
551 1536 594 1579 ex
621 1517 705 1581 Mna.
735 1513 858 1579 Medic.
884 1518 980 1582 Tum.
1038 1512 1157 1577 eodem
1186 1529 1338 1600 tempora
1375 1515 1477 1579 fuisse
1505 1514 1607 1579 etiarn
1636 1516 1776 1595 liltimm

232 1624 274 1686 11.
290 1644 322 1705 p.
340 1620 428 1701 310.)
1037 1617 1255 1694 monetalem,
1285 1638 1377 1702 quae
1413 1616 1555 1700 dignitas
1594 1618 1699 1703 prim
1722 1617 1777 1681 init

234 1755 239 1789 ε
295 1722 421 1783 Numua
446 1721 539 1805 prior
564 1740 605 1782 ex
630 1721 778 1783 Romano
798 1717 981 1781 carthusia·
1037 1717 1094 1796 iia,
1118 1718 1173 1803 qni
1189 1708 1231 1782 ati
1242 1739 1346 1803 remp.
1362 1732 1585 1783 accesserunt.

230 1845 349 1887 norum
386 1844 499 1885 musco
526 1823 560 1883 in
581 1823 777 1884 Caesareum
811 1819 979 1901 migravit,
1099 1822 1239 1883 Numam
1269 1819 1410 1884 alterum
1440 1822 1693 1905 Havcrcampua
1715 1820 1774 1903 Caji

230 1941 266 1989 ct
292 1939 388 2009 capnt
408 1927 534 1988 anticac
563 1943 624 2005 pro
648 1921 808 1984 Marcello
836 1920 981 1983 vendita·
1037 1922 1183 1985 Cacsaria
1200 1942 1273 1985 ease
1289 1935 1379 2005 putat
1394 1922 1442 2003 ¹),
1461 1922 1682 2006 spanhemius
1698 1924 1772 1987 Har·

229 2041 298 2088 tum
325 2027 402 2105 suit,
429 2046 493 2110 quo
519 2024 669 2100 nominc,
695 2024 756 2085 etsi
782 2044 822 2084 ex
840 2021 979 2085 aliorum
1037 2024 1126 2087 celii.
1158 2024 1226 2086 Alii
1244 2024 1397 2105 juvenem
1416 2024 1604 2109 Augustum
1617 2024 1773 2109 praetatis·
1806 2056 1811 2085 τ

229 2127 339 2211 potius
366 2127 544 2203 sententia,
572 2125 679 2188 editus
702 2138 752 2187 eat
774 2124 978 2186 aFrolichio
1036 2146 1084 2189 re.
1123 2125 1207 2186 Mihi
1222 2124 1256 2184 hi
1276 2144 1406 2210 quoqne
1430 2127 1521 2187 numi
1543 2127 1718 2195 adulterini
1734 2128 1771 2195 ti·

230 2230 265 2288 in
287 2229 426 2291 Cimclio
446 2225 694 2295 vindobonensi
714 2238 806 2309 parte
827 2229 866 2289 II.
892 2227 980 2286 Enn-
1037 2228 1154 2290 dentur
1176 2247 1251 2289 cum
1275 2227 1319 2289 ob
1347 2226 1423 2290 aliua
1449 2246 1583 2305 causas,
1611 2244 1679 2293 tum
1695 2226 1770 2313 quoi

233 2328 310 2390 dem
333 2329 531 2393 delineatum
567 2328 647 2389 stitit
675 2328 918 2407 Havercampoa
944 2328 979 2389 in
1035 2330 1096 2408 sub
1114 2328 1253 2412 Augusti
1271 2327 1410 2411 imperio
1432 2330 1605 2393 rarissime
1622 2330 1766 2397 iuuencis

229 2428 321 2493 edito
337 2452 356 2492 a
371 2451 408 2493 ae
423 2429 546 2493 Orosio
565 2427 607 2492 sd
622 2430 662 2493 L-
680 2431 735 2497 VI.
752 2449 782 2493 c.
805 2448 864 2506 co,
893 2442 925 2491 at
943 2428 978 2490 in
1036 2435 1061 2498 I.
1073 2432 1201 2495 formae
1215 2430 1321 2516 capita
1334 2430 1457 2515 signari
1470 2432 1537 2495 sint
1554 2432 1661 2497 solita.

827 2711 880 2774 M.
904 2710 1181 2777 AGRIPPA.

289 2880 335 2941 tt.
351 2876 525 2963 Vipsanius
552 2877 699 2962 Agrippa
735 2891 800 2942 tam
820 2878 975 2941 obscuris
1033 2879 1230 2964 Apolloniae
1266 2878 1363 2942 ctiam
1392 2898 1469 2942 cnm
1498 2898 1542 2943 eo
1572 2878 1758 2954 venabatur.

225 2979 385 3042 natalibus
425 2994 516 3042 ortus
547 2978 626 3056 fnit,
663 2993 699 3040 ut
727 2979 797 3062 ipsc
828 2982 976 3065 Vipsanii
1033 3003 1105 3045 cum
1131 2982 1267 3044 nuncius
1290 2980 1331 3044 de
1351 2980 1453 3045 cucdc
1476 2981 1501 3043 Ι.
1527 2982 1675 3047 Caesaris
1690 2982 1761 3045 aila·

227 3101 349 3142 nomen
373 3080 464 3162 quasi
491 3094 718 3169 argumentum
740 3096 894 3164 paternae
917 3083 976 3144 hn-
1033 3097 1152 3147 tuaest
1176 3082 1215 3167 s).
1244 3083 1392 3147 Arduum
1408 3082 1530 3148 deinde
1546 3103 1640 3147 auum
1656 3080 1774 3165 acple·¹

226 3180 371 3241 militatis
390 3182 540 3257 tolleret,
557 3193 591 3241 ct
608 3200 643 3241 se
661 3194 782 3242 tantum
798 3186 844 3247 Μ.
858 3182 976 3266 Agrip·
1033 3208 1110 3249 num
1136 3185 1293 3269 periculis
1316 3186 1522 3271 propositum
1541 3206 1665 3270 urgens
1679 3178 1761 3251 orti·

227 3303 302 3365 pam
334 3281 401 3344 dici
431 3281 533 3345 vellet
555 3276 606 3360 ¹¹),
636 3282 805 3366 nolletque
828 3283 975 3367 Caligula
1033 3288 1143 3352 vianna
1171 3286 1253 3349 nihil
1283 3287 1368 3371 egit,
1400 3287 1464 3349 nisi
1491 3290 1645 3366 conscio,
1670 3286 1761 3363 (lact.

208 3382 270 3445 ob
304 3382 541 3468 ignobilitatem
571 3381 642 3464 ejus
674 3402 710 3445 ac
738 3385 792 3446 vel
819 3399 974 3465 ncpotem
1031 3410 1070 3452 ac
1095 3387 1295 3473 adprobaptc
1326 3388 1484 3475 Agrippa.
1530 3392 1638 3475 Hujus
1663 3387 1761 3456 tutati

224 3486 334 3562 credi,
357 3485 494 3550 veldici
515 3487 555 3567 c).
587 3485 669 3546 Cum
683 3484 809 3547 Plinius
831 3507 906 3548 cum
927 3486 998 3553 di·¹
1032 3489 1145 3553 debuit
1161 3503 1357 3553 summotum
1377 3492 1454 3556 Sex.
1468 3492 1763 3577 Pompeiumne

224 3602 276 3651 cat
304 3602 469 3652 mortuum
494 3588 763 3673 quinquagesimo
788 3587 894 3670 primo
920 3609 973 3650 ac·
1029 3604 1098 3653 tnm
1151 3592 1290 3675 impcrio
1333 3596 1380 3657 Μ.
1415 3594 1614 3675 Antonium,
1668 3595 1762 3660 victos

222 3691 295 3754 tetis
337 3710 437 3765 anno,
486 3702 520 3751 et
556 3690 711 3752 NIcoIaus
752 3682 971 3753 Damasccnua
1022 3692 1226 3771 ‘Cantabrum
1261 3706 1296 3755 et
1320 3692 1474 3773 Assuras,
1504 3684 1762 3783 Bosporancsad

223 3793 373 3877 Augusto
403 3791 559 3872 majorem
592 3805 669 3853 natu
698 3791 844 3870 adserat,
886 3793 972 3856 eruit
1019 3792 1221 3879 'obsequium
1255 3811 1445 3875 revocatos,
1483 3811 1520 3861 et
1546 3812 1688 3883 pacatam
1713 3818 1763 3885 po·

223 3915 265 3958 ex
296 3892 347 3954 his
374 3891 566 3965 testimoniis
592 3894 755 3970 Nouimus,
789 3894 970 3979 Agrippam
1028 3908 1151 3959 strema
1189 3896 1399 3980 expeditione
1436 3900 1654 3979 Pannoniam,
1689 3918 1762 3987 qm

221 4009 332 4059 natum
362 3994 496 4058 incunte
522 4016 606 4058 anno
636 3997 676 4062 V.
699 3998 736 4062 C.
766 3993 824 4077 691
853 3995 895 4081 d).
939 3997 970 4059 A
1027 3997 1115 4061 bella
1139 3999 1247 4062 omnia
1265 4000 1418 4087 cupreis
1435 4002 1764 4089 Augustoperautta·

219 4118 325 4182 puero
350 4096 446 4159 simul
473 4117 546 4159 cum
572 4096 708 4161 Octavio
735 4097 906 4175 educatos,
932 4119 969 4163 ac
1026 4101 1077 4163 les
1108 4099 1233 4187 digesta
1251 4102 1443 4185 'reperies'
1463 4103 1661 4169 Munitorum
1681 4124 1764 4191 prat·

219 4198 379 4283 singulari
398 4196 540 4263 amicitia
552 4199 839 4281 conjunctissimus
851 4202 912 4264 Init
928 4205 967 4285 ε).
1026 4202 1090 4266 mia
1108 4203 1205 4269 fuere
1221 4203 1406 4269 consulatus
1423 4208 1529 4286 terni,
1555 4230 1695 4294 quoram
1707 4206 1766 4295 pff

236 4479 240 4487 ’
258 4488 289 4553 a)
309 4485 358 4541 Ad
372 4482 498 4542 lIorellii
514 4484 609 4562 Impp.
624 4504 655 4562 p.
667 4496 729 4549 351.
816 4485 850 4557 b)
873 4485 987 4545 Seneca
999 4486 1078 4545 LII.
1097 4500 1278 4547 controvers.
1292 4488 1357 4548 XII.
1373 4489 1439 4550 sub.
1455 4492 1508 4554 fin.
1590 4498 1623 4569 c)
1640 4496 1722 4559 Suet.
1738 4498 1765 4553 in

220 4571 314 4719 capg.
331 4588 436 4637 crs..
485 4576 522 4649 d)
543 4577 647 4636 Cenat.
663 4575 722 4637 Pis.
739 4575 809 4635 diss.
822 4576 860 4639 11.
878 4596 903 4637 c.
912 4589 939 4639 2.
1013 4578 1046 4650 e)
1065 4576 1162 4637 Nicol.
1178 4580 1314 4641 canuc.
1330 4578 1369 4639 de
1387 4581 1475 4643 edric.
1490 4585 1567 4661 Tug.
1641 4586 1767 4659 Osset

219 4680 250 4719 tn
290 4682 336 4738 ug.
355 4672 436 4734 c.9l.
1168 4684 1173 4695 “
