4012 5370
216 487 299 559 suo.
360 456 365 465 ’
839 460 1168 539 ῬιιΑιΑΝνε..

413 640 453 701 t'.
471 638 506 702 0.
523 637 639 715 87021’.
656 632 702 700 Χ.
720 655 788 713 ¹¹7·
1028 646 1078 697 est
1099 632 1284 699 libertatem
1306 616 1510 708 restituiise,
1535 644 1637 716 stqoe
1659 650 1701 695 eo
1719 652 1770 697 no·

228 760 296 826 ΤΒ.
315 760 351 825 P,
365 758 456 827 XX,-
469 756 565 820 coS.
586 755 644 819 VI.
663 757 698 819 P.
716 754 769 820 M,
786 754 824 821 P,
845 756 878 820 Ρ,
901 754 971 817 ορ.
1027 735 1123 799 mine·
1142 738 1269 817 Optimi
1292 752 1479 815 cognomen
1507 734 1679 798 communi
1704 754 1771 799 con·

233 880 329 945 TIM.
351 881 424 943 AV
427 877 469 944 G.
492 875 774 945 GERMDAC.
795 873 969 947 PAttm
1028 856 1127 900 ’Μ
1149 836 1429 920 ⁰⁸2P1'0merllot·
1460 836 1508 903 Vt
1529 836 1565 898 in
1589 838 1656 899 sita
1677 836 1771 921 privs.

215 942 219 953 -
450 998 553 1061 Imp·
571 996 638 1062 XL
655 994 747 1061 m
1028 952 1060 1002 te
1076 958 1207 1027 parcus,
1228 958 1266 1004 ac
1285 938 1449 1015 modicus,
1472 938 1522 1002 sic
1544 940 1583 999 in
1603 938 1773 1023 sumptibus

1029 1040 1204 1119 faciendis,
1232 1060 1311 1103 eum·
1332 1039 1367 1102 id
1393 1038 1610 1124 respublica,
1644 1054 1700 1105 aut
1719 1042 1776 1103 tte-

228 1162 517 1250 Qainctt'oNigro,
539 1162 970 1245 et'tpstaatoAproniano
1029 1144 1116 1206 “llll
1139 1142 1281 1207 ΜΝῙΠῙ·
1304 1141 1475 1225 ¹¹¹⁸l0⁸l⁸⁸s
1515 1155 1575 1207 ¹¹¹²
1599 1142 1672 1227 51³⁸·
1697 1140 1774 1225 Μ’

563 1285 629 1327 00„
1031 1258 1220 1308 ornamenta
1238 1242 1457 1329 postularent,
1487 1242 1689 1329 magnificus
1708 1243 1774 1317 fuit,

1031 1366 1068 1410 ac
1099 1346 1257 1409 liberalis.
1305 1346 1386 1427 Ejus
1417 1344 1452 1406 in
1483 1346 1679 1409 muniendis
1706 1344 1775 1423 tiit,

289 1454 342 1513 Ex
358 1448 478 1513 Arabia
499 1446 604 1511 redux
625 1445 659 1508 in
682 1447 833 1511 morbum
849 1448 973 1527 incidit,
1029 1445 1237 1513 aedificandis
1257 1442 1439 1530 portubus,
1458 1446 1642 1511 excitando
1658 1448 1775 1512 Romae

229 1572 294 1637 quo
325 1552 575 1633 ingravescente
605 1550 777 1616 commissa
805 1550 973 1616 Hadriano
1029 1550 1104 1613 foro
1141 1547 1358 1634 amplissimo,
1401 1548 1602 1613 sternendis·
1630 1546 1776 1635 pontibus

228 1669 296 1717 tum
320 1654 433 1736 Syriae
454 1650 598 1738 praesidi
624 1653 789 1716 exercitus
812 1674 890 1717 cura
908 1656 974 1719 llo·
1029 1651 1195 1715 molimina
1231 1648 1333 1713 fidem
1367 1669 1490 1735 prepe—
1512 1651 1708 1735 supersntis
1739 1668 1777 1713 eu

225 1778 311 1821 mam
335 1755 440 1835 redit,
465 1754 524 1818 sed
544 1755 576 1815 in
597 1754 716 1819 itinere
734 1756 904 1822 Selinunte
914 1758 974 1821 ¹(li
1029 1754 1109 1838 ipsis
1143 1752 1250 1815 nomia
1283 1748 1434 1817 uidimus.
1485 1754 1523 1815 ln
1558 1752 1656 1817 hello
1691 1772 1776 1817 mnu

224 1859 322 1923 liciae
341 1878 381 1921 ex
399 1858 658 1941 aqua-intercute
677 1856 894 1942 exstinguitur
909 1857 974 1942 pri·
1031 1854 1236 1939 consilioque
1263 1866 1435 1937 promptus
1459 1853 1597 1933 militis,
1626 1852 1781 1941 durique

225 1962 288 2023 mis
309 1959 431 2022 mensis
448 1958 587 2041 Augusti
611 1957 727 2022 diebus
750 1962 863 2024 aetatis
888 1981 988 2024 anno·
1032 1957 1141 2021 munia
1170 1952 1279 2019 omnia
1309 1952 1427 2033 obicit,
1461 1954 1609 2041 ejusque
1634 1954 1778 2043 auspiciis

224 2059 819 2145 nx1.sscun‹tumattosntt1v.·).
855 2064 975 2127 Eutro·
1031 2059 1137 2125 crevit
1156 2078 1213 2122 res
1232 2058 1379 2121 Romans
1405 2054 1545 2140 sdlqetis
1575 2058 1620 2124 sd
1646 2070 1776 2145 septen·

227 2164 302 2248 pius
323 2176 357 2227 et
380 2162 592 2227 Cassiodorus
615 2183 691 2225 eum
713 2177 876 2226 mortuum
899 2184 973 2227 esse
1031 2161 1157 2225 triones
1184 2156 1304 2231 Dacis,
1334 2156 1375 2223 sd
1403 2156 1585 2223 Orientem
1611 2160 1776 2237 Aunesis,

227 2265 311 2348 apud
330 2264 513 2327 Seleuciam
529 2264 670 2327 Isauriae
690 2265 869 2348 scripsere,
893 2286 974 2349 quos
1033 2276 1067 2326 et
1095 2257 1342 2345 Mesopotamia.
1384 2260 1450 2323 Hic
1477 2274 1592 2327 tantus
1621 2264 1677 2329 sir
1701 2260 1777 2329 uitiis

227 2366 314 2428 male
337 2365 456 2448 Pagina
481 2364 515 2423 in
540 2363 659 2427 critica
684 2364 724 2429 ad
747 2366 832 2429 hunc
855 2382 994 2429 annum·
1032 2384 1101 2435 non
1131 2362 1247 2429 caruitt
1296 2364 1333 2424 In
1362 2362 1496 2440 uinum,
1534 2382 1576 2428 ac
1606 2384 1775 2449 puerorum

227 2466 348 2530 refutat
379 2485 420 2526 ex
444 2484 544 2525 numo
574 2466 724 2546 Trajani,
759 2487 856 2548 quem
884 2465 976 2530 dedit
1033 2486 1162 2531 amores
1189 2477 1421 2548 praeposteros
1447 2485 1576 2550 pronus
1598 2464 1701 2531 inisse
1721 2462 1775 2529 fet·

229 2565 478 2641 mediobarbus,
511 2564 545 2626 iu
573 2554 665 2647 caius
694 2586 807 2632 aversa
834 2568 973 2652 legitur:
1034 2580 1105 2644 tur,
1135 2567 1262 2650 gloriae
1289 2564 1388 2628 etiam
1412 2568 1647 2653 appetentior,
1675 2590 1770 2655 quan,

230 2668 531 2743 SELINVNTEM,
550 2687 645 2751 quem
663 2689 796 2731 numum
812 2689 884 2733 esse
900 2688 976 2732 eon·
1036 2668 1101 2731 alio
1126 2666 1281 2743 obtentu,
1313 2686 1427 2732 veram
1450 2670 1620 2735 exstitisse
1645 2668 1772 2755 suseepti

230 2770 342 2833 fictum
362 2770 425 2852 jam
448 2768 524 2832 satis
541 2783 677 2836 constat.
705 2770 842 2835 Cineres
858 2790 976 2833 aureae
1035 2771 1068 2831 in
1087 2768 1227 2833 Oriente
1247 2766 1329 2831 belli
1353 2789 1481 2833 causam
1500 2784 1645 2837 testatur
1658 2770 1770 2855 nium

230 2892 331 2935 urnae
352 2872 659 2936 inclusi-columnae
684 2873 755 2955 ejus
776 2871 920 2939 cochlidi
940 2872 977 2933 il·
1036 2869 1190 2956 quodque
1208 2872 1325 2954 passim
1345 2868 1459 2935 videre
1483 2886 1559 2937 erat
1582 2876 1657 2958 ejus
1675 2860 1770 2937 titulos

231 2974 289 3039 lati
310 2988 383 3037 aunt
397 2973 443 3054 1·).
1036 2970 1170 3041 aedibus
1186 2972 1376 3055 inseriptos,
1396 2992 1473 3036 eum
1489 2974 1720 3041 Constantinus
1734 2976 1768 3039 ll·

294 3075 357 3140 Vir
374 3074 436 3136 suit
457 3073 497 3136 ad
515 3085 638 3135 tantum
663 3074 836 3159 imperium
860 3094 978 3160 regen·
1035 3074 1169 3135 tertam
1184 3078 1404 3154 punctorium
1420 3073 1540 3141 dicere
1554 3076 1722 3143 consuerit
1733 3074 1767 3153 f).

234 3177 311 3238 dum
335 3189 445 3250 natus,
474 3171 734 3259 credebaturque
758 3190 832 3261 post
856 3178 978 3242 atrocia
1037 3176 1265 3259 Trajeoturum
1285 3196 1322 3239 se
1340 3176 1488 3241 etiamin
1504 3176 1633 3244 ludium
1648 3180 1770 3245 klem-

233 3277 381 3360 priorum
403 3276 578 3337 Caesarum
600 3278 750 3361 exempla
777 3278 850 3341 orbi
877 3292 979 3341 terra·
1037 3276 1089 3340 dri
1102 3280 1149 3344 tt.
1166 3260 1321 3361 exemplo
1336 3276 1544 3357 adfirmabat,
1560 3280 1591 3343 si
1604 3280 1707 3345 adltnc
1721 3296 1769 3365 pet

234 3400 308 3457 rum
321 3376 430 3442 divino
445 3375 583 3461 quodam
599 3399 735 3442 munere
748 3380 874 3443 missus.
896 3382 979 3444 Nam
1037 3392 1176 3445 aetatem
1196 3400 1286 3444 suam
1303 3378 1423 3444 liceret
1436 3380 1485 3464 e),
1510 3380 1577 3445 atsi
1598 3394 1700 3457 tantas
1716 3380 1768 3465 jan

234 3479 323 3564 quod
345 3492 518 3541 extraneus
540 3494 610 3543 erat
628 3480 739 3546 domui
757 3484 902 3557 Nervae,
924 3503 981 3545 ne·
1038 3483 1103 3558 cis,
1129 3495 1164 3545 et
1177 3483 1262 3545 ultra
1277 3482 1480 3565 Euphratem
1503 3482 1664 3569 regiones
1687 3500 1767 3547 occo·

236 3602 300 3666 que
324 3581 445 3644 ltaliam
466 3580 604 3665 patriam
624 3582 752 3661 babuit,
779 3584 905 3647 nullum
930 3583 981 3644 illi
1037 3597 1188 3667 paverat,
1214 3596 1348 3670 quantas
1367 3597 1508 3669 propter
1529 3606 1648 3649 aarum
1669 3582 1770 3649 tinu-

230 3684 288 3764 jus
317 3682 357 3746 ad
385 3682 419 3744 id
446 3681 608 3765 fastigium
630 3699 761 3769 praesto
783 3683 854 3748 fuit.
894 3686 979 3749 Sane
1037 3684 1132 3765 tiam,
1163 3699 1198 3750 et
1222 3686 1338 3752 malam
1363 3685 1565 3771 populorum
1587 3688 1688 3753 fidetn
1705 3684 1774 3751 reti·

236 3786 269 3845 in
299 3784 391 3847 nullo
418 3783 483 3847 alio
512 3784 671 3850 laudando
699 3786 802 3869 magis
830 3786 892 3849 fuit
913 3787 981 3850 elo-
1038 3788 1112 3852 neri
1135 3808 1233 3871 posse
1253 3808 1329 3873 spes
1350 3788 1440 3851 nulls
1462 3786 1673 3873 adfalgolsst,
1695 3808 1775 3875 quat·

236 3906 358 3971 quens,
402 3898 437 3948 et
475 3886 633 3949 unanimis
669 3888 848 3972 antiquitas.
906 3888 980 3951 Non
1039 3908 1103 3974 que
1128 3888 1240 3973 paullo
1257 3904 1332 3975 post
1346 3886 1533 3954 Hadrianus
1554 3889 1695 3956 melion
1709 3908 1772 3955 ooo·

238 3988 364 4050 alienus
388 3986 487 4051 modo
509 3986 548 4049 ab
571 3987 659 4050 omni
681 3990 890 4067 erudelitate,
922 3991 982 4055 sed
1039 3990 1118 4055 silio
1136 3991 1279 4077 abjiciet.
1316 3992 1398 4076 Ejus
1422 3992 1606 4057 memoriae
1631 3989 1769 4079 principis

235 4089 324 4152 ultro
348 4090 381 4150 in
403 4089 524 4152 bonum
544 4110 706 4174 quemque
726 4090 909 4168 beneficus,
932 4092 983 4154 in·
1039 4090 1183 4157 deistunt
1209 4109 1275 4171 est,
1301 4108 1338 4159 ut
1360 4092 1519 4181 deinceps
1537 4088 1770 4181 'pnnatpttua

239 4191 423 4276 dulgentia,
458 4191 620 4273 justititia,
654 4188 825 4269 facilitate,
861 4192 981 4258 aflectu
1039 4208 1153 4259 senatu
1177 4196 1768 4285 adclamaretura·filioiorAngasto,

237 4293 438 4356 incenatum
460 4294 698 4379 populumque,
726 4307 870 4357 veterem
894 4296 980 4358 s‘isus
1045 4296 1185 4376 Trojano
1205 4300 1323 4363 melior
1344 4298 1381 4381 f).

275 4527 306 4595 tt)
325 4526 381 4581 nto
399 4524 569 4582 nsxvut.
584 4524 663 4594 §.aa
678 4534 707 4581 u
719 4522 871 4581 nummus
885 4522 916 4579 tn
931 4508 1066 4598 subjectu
1080 4536 1157 4584 nou.
1267 4526 1303 4599 a)
1321 4528 1379 4583 nto
1394 4524 1538 4585 utun.
1552 4514 1616 4599 §.a
1634 4519 1765 4587 maura

239 4611 317 4687 Epis.
331 4614 504 4689 Eutropius,
522 4610 732 4682 Cassiodorus,
748 4615 910 4672 lornandes
924 4615 953 4669 in
968 4614 1105 4691 Traiano.
1206 4620 1237 4689 e)
1255 4616 1427 4677 1..va111.
1444 4618 1523 4693 §tz
1568 4688 1575 4693 -
1627 4614 1662 4689 d)
1679 4610 1766 4679 Victor

229 4701 319 4777 sapit.
332 4703 503 4759 Ammianus
517 4702 675 4763 LXXVII.
774 4706 804 4775 c)
824 4704 879 4760 Dio
897 4704 928 4759 L.
939 4704 1068 4765 vattt.
1084 4706 1108 4777 §
1119 4718 1162 4777 29.
1261 4706 1288 4779 f)
1308 4706 1429 4781 Eutrop.
