4012 5370
222 450 294 531 ,00
806 437 857 508 a.
891 412 1166 514 aonrrra'

399 608 504 674 Numi
523 608 784 671 restitutionum.
1021 626 1184 671 marmore
1204 617 1346 670 constet.
1366 603 1408 671 0.
1424 600 1611 689 ΔΑΜΟΣ.
1627 606 1758 679 ΘΕΟΝ.

1022 704 1239 771 ΣΩΤΗΡΑ.
1269 700 1380 767 ΤΑΣ.
1414 700 1612 774 ΠΟΛΙΟΣ.
1644 708 1759 775 Mne·

286 779 354 840 an
371 797 468 857 supra
486 771 785 859 descriptoaride
776 792 809 833 ιιι
828 783 964 834 tractatu
1020 804 1130 870 KON
1154 802 1418 871 APPIHHAN·
1437 804 1548 875 TON·
1571 805 1761 877 ETEPOE

224 881 265 944 de
282 877 388 942 numia
407 874 659 940 restitutionum.
1023 906 1134 973 ΤΑΝ
1172 908 1266 969 ΚΑΙ.
1303 902 1535 975 ΚΤῙΣΤΑΝ
1584 912 1760 997 nepem

633 1038 636 1045 ·
1021 1009 1108 1070 istud
1144 1008 1292 1071 inisse
1283 1029 1316 1069 ιιι
1352 1009 1462 1072 Lesbo
1479 1026 1483 1031 ·
1499 1024 1644 1077 tentatur
1677 1016 1761 1081 Clair·

344 1114 448 1179 Numi
469 1114 644 1175 commatis
661 1111 841 1194 peregrini.
1021 1108 1093 1171 hull
1107 1107 1156 1189 ¹³),
1181 1122 1215 1171 et
1235 1129 1313 1172 anne
1333 1109 1452 1175 diutina
1475 1110 1510 1173 in
1528 1114 1645 1179 Lesbo
1664 1138 1762 1191 mora-

1021 1224 1089 1272 tum
1107 1209 1302 1292 Agrippam,
1323 1223 1461 1273 testatur
1478 1212 1547 1277 Dio
1563 1216 1607 1296 ιἓ).

1084 1310 1244 1373 Achollae
1264 1314 1454 1393 Byzacenea
1476 1312 1615 1397 Africae
1637 1338 1761 1385 numen

286 1419 429 1480 Numam
448 1414 610 1476 Graecum
633 1433 707 1477 cnm
728 1413 895 1496 Agrippae
916 1431 974 1481 ca,
1023 1411 1185 1495 insignem
1203 1434 1262 1475 auo
1279 1413 1354 1476 loco
1374 1411 1577 1495 descriptum
1595 1419 1690 1500 ride,
1713 1442 1761 1487 aa·

223 1520 292 1605 pite
325 1517 401 1580 eatis
428 1530 554 1578 certum
581 1535 647 1576 non
675 1512 841 1585 habemus.
878 1514 967 1580 Vail-
1022 1515 1074 1598 jue
1102 1515 1280 1599 epigraphe
1309 1527 1361 1579 cet
1385 1513 1517 1593 Latina,
1549 1520 1617 1583 etei
1638 1522 1773 1589 colonia·

205 1620 341 1685 'lautius
369 1620 403 1679 in
432 1638 531 1693 namo
558 1614 744 1678 Alabandae
773 1615 868 1698 hujus
896 1614 966 1676 efli-
1023 1637 1089 1677 non
1120 1614 1236 1692 fuerit,
1263 1614 1416 1679 nimirum
1439 1636 1534 1680 more
1560 1620 1695 1687 Africae
1713 1640 1781 1689 tte·

221 1722 311 1806 giem
328 1719 424 1795 vidit,
451 1717 511 1781 aed
528 1717 592 1800 jam
615 1716 655 1779 ad
676 1717 759 1779 hanc
779 1718 892 1779 Cariae
913 1738 967 1779 nr·
1023 1717 1112 1779 bium
1127 1718 1230 1811 magia
1246 1717 1281 1777 in
1299 1717 1505 1782 occidentem
1522 1724 1740 1806 vergentium.

221 1825 300 1888 bem
331 1821 461 1897 monui,
502 1832 639 1903 propter
671 1816 830 1880 variantes
862 1817 965 1880 edito·
1085 1819 1193 1880 Etiam
1210 1819 1359 1881 innume
1376 1820 1759 1909 Semcatoniapreeoa,

221 1948 297 1988 rum
329 1921 567 2004 descriptiones
595 1919 752 2001 judicium
782 1918 868 1981 istud
898 1940 965 1980 non
1022 1919 1108 1982 haud
1125 1918 1223 1983 dubie
1240 1919 1524 2004 Cyrenaico‚ejua
1542 1922 1759 1993 habetnreffi·

221 2027 299 2090 satia
320 2023 449 2085 firmum
471 2020 589 2086 videri.
628 2019 837 2098 Goltaianua,
868 2041 966 2105 quem
1024 2019 1154 2105 giead).
1177 2023 1257 2083 Item
1273 2021 1306 2081 in
1322 2043 1421 2085 numo
1434 2024 1547 2108 oppidi
1561 2027 1758 2095 incertiora

223 2127 398 2191 Morellius
412 2125 446 2185 in
460 2122 626 2204 Agrippae
642 2122 747 2184 numia
763 2137 965 2205 postremum
1024 2122 1190 2184 mentione
1209 2123 1246 2185 P.
1264 2120 1500 2217 QVlNCTlLL
1520 2118 1650 2209 VARI,
1670 2152 1757 2219 quan

223 2227 341 2301 edidit,
370 2238 438 2287 tuto
463 2237 573 2305 potest
600 2223 775 2287 contemni.
808 2224 987 2288 Sestinina'
1024 2222 1174 2286 dedimus
1190 2222 1224 2285 in
1242 2223 1363 2288 familia
1382 2225 1571 2321 Quinctilia.

222 2348 332 2410 nuper
352 2324 532 2407 Ephesium
554 2343 628 2385 cum
649 2321 835 2408 Agrippae,
863 2338 897 2386 et
918 2326 968 2386 ln·
1041 2392 1045 2402 ,
1278 2356 1307 2430 3
1390 2344 1409 2381 ιι
1468 2384 1515 2431 ·,

223 2428 289 2491 liae
318 2427 423 2509 capite
452 2424 596 2507 vulgavit
620 2427 667 2502 ¹),
699 2424 759 2487 aed
789 2446 886 2510 quem
913 2426 968 2490 rix
1029 2427 1265 2490 Coloniarum.
1368 2428 1371 2434 '

223 2527 402 2613 genuinum
438 2538 538 2607 puto,
583 2538 620 2586 at
659 2523 775 2586 dixi
765 2547 797 2586 an
836 2540 967 2589 moneta
1087 2528 1130 2588 Ei
1150 2540 1313 2591 monetam
1334 2525 1532 2598 dedicavere
1549 2482 1751 2623 (lamagu-

224 2629 362 2712 Epheai.
390 2627 514 2704 Miror,
530 2624 569 2688 ab
585 2624 635 2687 hia
651 2625 785 2689 urbibus
799 2627 966 2711 Agrippae
1023 2640 1086 2705 ata,
1113 2629 1204 2711 cnjus
1231 2627 1322 2692 numi
1346 2630 1462 2715 signati
1485 2648 1562 2699 aunt
1583 2635 1763 2723 imperante.

224 2733 370 2794 honorae
391 2728 630 2791 numismaticos
648 2742 804 2811 negatos,
829 2751 902 2792 cum
923 2743 968 2792 ta·
1025 2730 1189 2813 Caligula,
1212 2730 1335 2808 Gadea,
1357 2732 1551 2802 Nemanaut.

223 2830 301 2896 men
318 2831 393 2895 satia
412 2831 466 2893 diu
483 2829 613 2893 Orienti
629 2850 702 2892 cum
721 2830 859 2914 imperio
875 2852 968 2915 prae·
1089 2831 1224 2895 Colonia
1241 2833 1366 2897 incerta
1385 2854 1459 2897 curn
1480 2836 1662 2923 epigraphe
1679 2838 1751 2905 (3.0.

224 2932 342 3010 inerit,
371 2945 405 2996 et
427 2932 468 2994 de
493 2952 604 2994 earum
628 2931 661 2993 in
685 2932 863 3015 Agrippam
889 2931 968 2995 affe·
1025 2934 1050 2995 1.
1065 2933 1123 3008 P.,
1148 2931 1190 2995 de
1208 2953 1273 3018 quo
1294 2954 1395 3000 namo
1413 2937 1492 3005 vide
1511 2952 1674 3005 monetam
1688 2940 1751 3005 Car·

228 3049 300 3113 ctu,
332 3041 387 3100 ent
413 3034 523 3100 terina
551 3032 736 3098 adulatione
766 3055 808 3099 ex
835 3035 967 3118 antiquo
1025 3031 1177 3118 thaginie.

226 1248 363 1347 Vrbirtm
385 1283 576 1342 liberorum.
637 1292 644 1307 ·
678 1276 684 1283 ’

860 3396 1134 3462 PRETIVM·

232 3515 414 3577 Commoris
435 3512 598 3575 Romani:

427 3616 531 3679 Aurei
574 3645 1360 3671 .........

427 3713 589 3799 Argentei
669 3747 1358 3774 ........
1504 3775 1515 3795 .

429 3816 537 3879 Aeaei
554 3817 579 3883 1.
596 3828 630 3879 et
645 3817 701 3880 111.
718 3816 844 3883 formae
858 3852 1356 3873 ......
1474 3872 1484 3894 ,

658 3918 698 3978 11.
715 3916 840 3984 formae
861 3952 1360 3978 ......
1473 3974 1483 3997 0

232 4022 414 4089 commatis
431 4020 610 4099 peregrini.

426 4118 565 4186 Vrbium
580 4116 758 4182 liberarum

229 4568 538 4722 Ralllaettepexil‘lilv·
554 4584 654 4648 ptt2=
756 4571 792 4644 b)
811 4572 878 4631 Ant.
895 4571 986 4635 Asini.
1002 4574 1106 4652 1).th
1208 4578 1239 4650 c)
1258 4576 1377 4644 Malli·
1393 4582 1476 4658 ΜΣ
1578 4586 1615 4661 d)
1633 4584 1751 4649 Pedaia

257 4674 300 4716 ec.
326 4678 379 4735 .p·
487 4703 493 4717 .
1585 4692 1589 4704 ·
