4012 5370
721 507 730 526 ,
843 391 1177 517 Ανῦνετνεζ
1708 469 1777 535 sos

228 613 305 688 tius,
327 613 362 675 iu
385 632 453 698 quo
474 612 513 677 C.
536 612 577 678 A.
598 609 684 672 intra
704 593 866 686 laureum,
887 606 973 672 veri·
1030 622 1145 692 petere
1168 629 1233 673 non
1254 609 1356 677 vocat.
1399 614 1491 697 Ergo
1518 616 1593 680 viro
1626 618 1775 701 Augusto
1809 678 1811 681 .

227 715 379 779 similiter
403 716 584 779 Caesareae
606 713 772 794 Augustae
795 710 973 774 Trachoni·
1028 711 1119 781 numi
1135 711 1169 772 hi
1191 713 1224 771 iu
1241 712 1309 795 ipsa
1326 712 1409 777 urbe
1424 716 1519 778 feriri
1535 738 1602 781 non
1621 733 1773 801 potuere.

225 818 316 895 tidie,
354 830 491 902 quartus
525 828 561 878 et
588 815 722 900 quintus
754 812 973 894 Caesaraugu·
1028 814 1120 875 Haeo
1147 813 1216 895 ipsa
1239 831 1429 896 argumenta
1451 839 1529 882 eum
1552 818 1789 885 invictuvide·.
1876 864 1878 870 ι

225 933 317 995 ttae,
362 932 398 981 et
427 917 587 980 Patriciae
626 915 828 979 coloniarum
856 913 973 997 Hispe-
1028 927 1144 975 rentur
1168 916 1415 1000 Havercampo‚
1439 939 1591 1003 eumque
1622 940 1664 983 ex
1697 923 1787 986 Suo·

222 1022 306 1086 nise.
351 1021 406 1082 De
436 1018 545 1102 primo
575 1016 663 1079 sorte
693 1015 885 1078 dubitabunt
916 1015 973 1076 uli·
1028 1016 1136 1092 tonio‚
1158 1016 1294 1111 aliisque
1312 1031 1456 1096 constet,
1478 1021 1626 1104 Augusto
1647 1023 1681 1082 in
1701 1043 1778 1106 pro·

221 1123 295 1210 gd,
331 1141 432 1206 quom
474 1131 651 1203 propterea
687 1115 742 1180 hio
788 1115 972 1180 describam
1029 1115 1144 1180 riuoiis
1160 1119 1277 1201 passim
1294 1141 1365 1182 urus
1383 1135 1417 1183 et
1436 1122 1675 1204 templufuisse
1700 1145 1777 1189 con-

219 1223 378 1306 subjectis
397 1219 698 1294 observationibus.
717 1232 755 1280 ut
771 1238 889 1301 spero,
906 1237 972 1281 non
1029 1218 1155 1295 stitutu,
1184 1220 1508 1298 censuit‚·.sunstum
1539 1227 1580 1291 R.
1603 1226 1667 1289 heo
1697 1240 1777 1312 typo

216 1325 400 1391 inutilibus.
871 1311 873 1314 ’
941 1380 945 1385 .
1029 1319 1240 1383 servientium
1283 1307 1480 1405 poliulo'rum
1516 1324 1564 1384 in·
1594 1327 1778 1409 principem
1835 1367 1838 1377 ·

361 1424 547 1490 CAESAR.
561 1419 694 1485 PONT.
706 1418 814 1485 stix
826 1419 972 1492 inullis:
1029 1421 1171 1484 studium
1187 1422 1333 1488 voluisse
1350 1425 1479 1503 testari,
1502 1445 1569 1487 non
1594 1440 1704 1491 tamen
1729 1433 1791 1492 iu··

360 1525 547 1591 CAESAR.
585 1522 834 1592 AVGvs'rVS.
865 1519 972 1589 DIVI.
1031 1522 1133 1615 diceri
1158 1524 1281 1587 cultum
1304 1524 1670 1612 divinumprinoipiin
1692 1531 1787 1596 u'rlsu¹

361 1632 402 1694 F.
418 1629 578 1711 PATER.
614 1625 819 1688 PATRIAE.
866 1625 974 1705 Caput
1031 1627 1212 1690 decretum.
1467 1652 1471 1658 ·
1724 1634 1728 1646 ’

365 1733 567 1794 laureatum,
983 1789 985 1794 ,
1049 1780 1053 1786 .
1093 1729 1138 1790 At
1158 1748 1239 1792 vero
1260 1727 1288 1791 si
1310 1727 1409 1792 modo
1441 1744 1632 1808 statuemus,
1664 1752 1778 1795 omnes

223 1836 338 1903 BOA!-
359 1836 433 1898 ΕΤ.
456 1829 559 1898 AVG.
599 1831 678 1892 Aro
699 1825 894 1890 interdum
916 1827 986 1889 tsi-¹
1031 1831 1093 1898 hos
1125 1849 1241 1897 numos
1277 1843 1370 1893 extra
1399 1831 1516 1893 urbem
1544 1833 1580 1893 in
1610 1832 1778 1913 provincis

222 1941 353 2004 storias
367 1937 444 1998 basi
456 1934 657 1994 insistentes.
696 1930 865 1994 AE.mex.
882 1925 973 1991 mod.
1033 1932 1181 2016 quapiam
1196 1930 1297 1992 fuisse
1312 1951 1427 2008 cusos,
1450 1954 1589 1996 necesse
1613 1954 1680 1995 non
1703 1934 1778 2010 erit,

223 2040 280 2105 rel
300 2042 328 2103 t
355 2038 396 2098 11.
415 2036 469 2098 111.
486 2031 624 2095 formae.
1032 2046 1087 2094 out
1099 2053 1172 2095 oum
1180 2031 1370 2114 Schlegeiio
1385 2048 1497 2097 contra
1512 2034 1779 2119 dignissimorum

175 2176 181 2186 .
288 2135 476 2222 Antiqusrii
495 2133 695 2195 disserentes
719 2128 761 2192 de
777 2127 884 2191 numis
905 2127 973 2204 his,
1032 2132 1098 2194 iide
1130 2132 1360 2197 historicorum
1396 2136 1620 2198 auctoritatem
1650 2151 1778 2200 temere

227 2243 285 2330 qni
315 2239 468 2305 omnibus
495 2236 530 2298 in
557 2233 678 2296 museis
708 2231 796 2294 obvii
818 2242 909 2305 sunt,
941 2241 976 2291 et
1033 2233 1207 2312 adserere,
1234 2237 1416 2319 Augustum
1438 2238 1501 2318 jam
1526 2239 1635 2303 vivum
1653 2240 1778 2301 Romae

175 2384 181 2409 i
226 2346 322 2428 eujus
344 2340 478 2427 generis
495 2352 681 2423 postremus
698 2353 772 2395 oum
788 2331 893 2414 cupite
913 2331 977 2392 Ne·
1034 2350 1277 2412 consecratum,
1305 2351 1362 2399 sut
1388 2358 1461 2399 oum
1479 2341 1708 2426 Havercompo
1732 2340 1781 2403 di·

228 2448 322 2512 mis
345 2457 398 2508 est
420 2443 455 2504 iu
475 2460 589 2502 museo
615 2439 792 2510 Caesareo,
820 2433 853 2493 in
872 2432 977 2496 varies
1035 2450 1122 2500 ctum
1146 2436 1304 2519 effugium
1326 2439 1537 2504 comminisci.
1577 2442 1780 2526 Argumenta
1855 2430 1863 2438 ’

229 2547 345 2613 abiere
368 2544 556 2607 sententias.
592 2541 642 2600 No
664 2538 825 2600 incassum
846 2532 978 2616 longior
1035 2551 1142 2601 autem
1168 2560 1265 2603 ousee
1288 2541 1368 2602 foris
1392 2541 1487 2623 hujus
1506 2543 1780 2606 monetaehubeo

230 2650 313 2727 ἀι,
334 2647 501 2711 ntioesto
519 2662 653 2716 eorum,
682 2638 738 2722 qui
759 2649 903 2699 nostram
927 2654 980 2696 ue·
1035 2661 1243 2724 mopsuest,
1265 2661 1368 2724 euque
1390 2643 1603 2722 validissima,
1628 2647 1652 2707 1.
1668 2646 1780 2727 Augu·

230 2766 332 2817 mem
366 2748 503 2833 propius
532 2744 744 2824 contingunt,
776 2735 979 2820 Schlegelii‚
1037 2754 1103 2802 stus
1127 2742 1271 2804 divinum
1291 2745 1498 2820 minutium,
1525 2765 1622 2827 quem
1643 2746 1677 2805 in
1697 2747 1780 2808 urhe

175 2861 177 2871 ¹
232 2870 269 2918 et
287 2845 508 2930 Heremmpi
527 2844 648 2929 judicia
668 2840 797 2904 referre
820 2840 860 2920 ¹).
892 2837 981 2905 voi·
1035 2841 1109 2905 iieri
1126 2844 1246 2919 vetuit,
1273 2857 1364 2905 extra
1386 2865 1457 2906 eam
1479 2844 1661 2907 liberaliter
1681 2847 1781 2908 admi·

232 2976 298 3043 qu
331 2951 549 3016 meoniorum
578 2959 648 3021 est,
687 2961 802 3007 omnes
832 2939 892 3000 hos
920 2960 979 2999 nu·
1035 2944 1088 3008 sit.
1110 2945 1162 3004 Ex
1177 2945 1356 3007 innumeris
1377 2944 1586 3021 testimoniis,
1602 2967 1683 3029 quae
1695 2952 1778 3028 ‘pro-

232 3078 303 3121 uos
327 3056 474 3138 signatos
504 3053 648 3124 Romae,
679 3056 711 3107 at
731 3041 917 3123 discrepant
943 3038 978 3100 in
1035 3045 1125 3110 ferre
1147 3043 1282 3129 longum
1304 3045 1408 3133 iuret,
1436 3047 1608 3122 nonnulla,
1642 3068 1723 3130 quoe
1745 3047 1781 3109 in

232 3155 431 3244 designantis
471 3171 585 3216 eorum
611 3145 747 3233 'publico
777 3143 977 3226 signatorum
1034 3162 1188 3233 promptu
1200 3148 1319 3224 habeo,
1338 3146 1516 3231 proferam.
1537 3148 1713 3211 Suetonius
1729 3148 1779 3232 ΙΨ

232 3281 335 3326 ω..
1037 3254 1286 3314 Provinciorom
1314 3249 1492 3329 pleraeque
1514 3270 1614 3329 super.
1641 3254 1778 3335 templu,

188 3416 193 3421 .
290 3358 505 3444 Schlegelius
524 3368 655 3433 censet,
679 3374 720 3417 ex
737 3349 790 3418 his
807 3353 989 3423 numinum,
1034 3365 1068 3414 et
1107 3372 1185 3414 oros
1219 3351 1317 3413 ludos
1357 3369 1485 3431 quoque
1522 3354 1782 3441 quinquennales

231 3464 271 3531 ι’.
292 3461 448 3549 probari,
474 3460 550 3526 rito
570 3459 666 3520 etium
694 3459 844 3542 Augusto
870 3456 903 3516 in
924 3478 976 3518 ur·
1031 3474 1135 3537 poene
1168 3454 1351 3533 oppidatim
1385 3455 1639 3514 coristitoerunt.
1683 3453 1786 3517 Adde·

232 3565 272 3630 b
299 3563 488 3630 dedicatam
525 3581 631 3637 urum,
669 3573 702 3622 et
729 3558 908 3642 templum,
943 3570 977 3620 et
1031 3553 1218 3617 testimonio
1241 3552 1365 3626 Taciti,
1396 3566 1429 3612 et
1450 3551 1590 3631 Appiani
1619 3571 1716 3632 supra
1737 3553 1779 3615 ud
1911 3557 1914 3583 ¹

232 3667 351 3734 &tun
377 3663 468 3727 istud
497 3663 584 3727 circa
614 3682 732 3725 annum
761 3663 803 3728 V.
827 3660 864 3724 C.
895 3672 977 3740 741,
1034 3656 1129 3724 DIVI
1150 3654 1290 3737 Augusti
1318 3651 1613 3725 numosreoituta,
1648 3670 1689 3713 ex
1711 3654 1782 3736 qui·

196 3786 198 3791 ’
233 3788 305 3833 en
345 3767 382 3828 iu
418 3785 521 3828 numo
556 3766 722 3846 Angustus
752 3762 816 3843 jum
845 3761 978 3824 PONT.
1036 3757 1096 3819 bus
1113 3756 1229 3840 partim
1242 3766 1393 3839 apparet,
1416 3751 1448 3815 ei
1463 3751 1524 3814 hos
1541 3750 1685 3817 honores
1704 3775 1780 3838 pro·

231 3871 338 3935 m.
361 3868 508 3946 dicutur,
539 3866 617 3951 quin
642 3887 684 3928 ex
713 3866 791 3961 §em
814 3863 901 3927 Rufo
927 3883 980 3924 re·
1036 3859 1148 3941 ssigsto
1173 3858 1249 3921 Sex.
1275 3853 1447 3937 Pompeio,
1479 3867 1575 3937 utque
1597 3856 1680 3919 odeo
1705 3857 1782 3919 sutis

231 3973 365 4058 &nen
391 3990 523 4056 quoquo
543 3968 705 4045 nominet,
731 3966 766 4028 in
786 3988 849 4051 qna
868 3984 979 4028 sacrae
1038 3974 1164 4022 mature
1200 3957 1337 4021 habitos.
1381 3956 1481 4018 Arum
1509 3958 1657 4039 Augusto
1695 3958 1782 4042 opud

232 4076 309 4147 iiiuc
331 4075 436 4140 sedes
457 4085 593 4136 stetere.
635 4072 679 4132 At
700 4069 788 4133 enim
810 4070 981 4152 Augusto,
1039 4055 1259 4124 Tuiraoonem
1299 4071 1461 4136 ereetum,
1505 4059 1641 4147 ejusque
1682 4081 1781 4143 super

181 4234 188 4243 .
231 4180 389 4271 padio
412 4179 447 4238 in
473 4175 557 4239 rivis
591 4185 676 4249 erat,
706 4173 815 4234 nullos
836 4170 981 4233 honores
1039 4185 1078 4228 ea
1100 4164 1218 4227 salsum
1241 4161 1360 4224 dictum
1381 4161 1446 4244 jum
1476 4163 1724 4224 memoravimus
1746 4162 1781 4222 in

175 4282 178 4303 '
231 4282 364 4350 ἅιὶιοι
394 4276 525 4342 habitos
552 4275 588 4336 in
609 4274 708 4352 urbe,
738 4271 854 4357 procul
883 4270 982 4335 dubio
1037 4281 1167 4329 monete
1183 4263 1278 4345 hujus
1293 4263 1393 4326 urbis.
1410 4264 1462 4325 De
1473 4262 1636 4345 Lugduno
1651 4261 1782 4327 audien·

175 4376 180 4407 ἶ
230 4401 304 4462 est,
339 4382 436 4461 euius
470 4389 677 4461 argumente,
715 4376 778 4459 jum
810 4395 908 4457 supro
943 4372 984 4435 ed
1038 4368 1098 4431 dus
1119 4365 1237 4429 Strabo
1260 4368 1301 4444 ο).
1352 4366 1517 4444 Templum
1553 4366 1594 4424 ab
1630 4366 1783 4426 omnibus

229 4504 351 4553 moe
369 4482 467 4549 mvl
482 4480 623 4564 Augusti
645 4477 831 4562 proposita,
856 4476 908 4538 hic
933 4494 985 4536 re·
1038 4472 1204 4533 communi
1231 4471 1363 4529 nomine
1384 4463 1496 4526 Gallis
1513 4465 1680 4526 decretum
1703 4466 1786 4527 Coe·

264 4700 295 4763 a]
318 4691 370 4750 Ad
384 4686 515 4748 loreilii
532 4687 627 4762 impp.
643 4685 709 4744 ttt.
725 4705 755 4762 p.
766 4694 818 4749 535
834 4693 863 4738 et
877 4691 939 4746 341.
1013 4678 1049 4750 b)
1073 4676 1146 4753 Cup.
1161 4687 1205 4749 59.
1280 4674 1310 4746 c)
1331 4669 1523 4745 L.1v‚p.m.
1541 4681 1604 4742 292.
