4012 5370
802 395 970 478 OTHO.

110 587 165 636 tur
184 573 312 636 Othoni
323 573 506 635 tribunicia
518 584 678 654 potestus,
693 585 725 636 et
743 593 862 637 nornen

112 676 284 757 Augusti,
306 687 339 736 et
361 694 473 736 ornnes
492 677 680 756 principum
708 674 860 739 ltonores.

111 781 184 861 lpse
215 776 249 837 in
285 776 444 839 concione
480 775 619 838 militum
645 776 784 857 jactabat
804 799 863 860 pn·

110 878 215 941 blica:
241 878 382 940 Senatus
400 900 524 940 mecum
538 891 588 940 est
604 879 642 958 ¹).
674 879 791 945 Vtrum
811 898 861 943 se·

110 994 222 1055 natus,
250 979 305 1063 qui
336 980 499 1041 concessit
527 1001 668 1054 summa,
692 978 862 1064 negaverit

112 1084 258 1144 bonores
287 1101 495 1158 communes,
532 1095 566 1144 et
595 1085 771 1165 receptos?
809 1081 861 1145 An

114 1202 179 1246 non
204 1179 257 1244 bic
279 1183 451 1265 neglectus
474 1183 527 1247 vel
548 1185 581 1245 in
601 1207 639 1250 re
665 1191 754 1251 tenui
772 1189 862 1252 lucu·

113 1285 238 1345 lentum
257 1283 372 1346 suisset
383 1283 536 1347 indicium
549 1286 704 1374 principis
717 1290 771 1354 tel
786 1310 863 1353 oon·

111 1386 245 1468 tempti,
288 1384 341 1446 vel
373 1385 450 1448 odio
489 1386 614 1453 habirit
650 1393 802 1478 Denique
833 1391 862 1454 si

111 1508 252 1571 unquam
281 1485 425 1569 patribus
450 1486 511 1549 snit
537 1490 643 1572 gravis
665 1495 751 1558 ratio
773 1493 861 1577 prin·

111 1588 192 1670 cipis
221 1587 371 1662 colendi,
403 1588 463 1650 init
494 1594 645 1672 proiecto
671 1595 861 1677 gravissima

110 1690 246 1754 Othone
265 1690 465 1773 imperante3
487 1714 560 1755 nam
576 1694 651 1758 huic
669 1697 724 1758 uni
738 1694 859 1761 debue-

109 1811 169 1869 re,
212 1792 300 1877 quod
332 1812 397 1852 non
428 1791 467 1855 ad
497 1815 598 1858 unum
630 1819 742 1861 ornnes
774 1800 861 1863 caesi

112 1908 186 1956 sunt
208 1917 226 1958 a
248 1893 420 1971 militibus,
452 1897 507 1977 qui
537 1918 603 1961 non
635 1901 739 1963 semel
761 1901 859 1964 totius

114 1996 238 2057 ordinis
263 1994 425 2057 excidium
443 1997 510 2059 ausi
529 2014 601 2062 sunt
620 1997 795 2084 flagitare,
816 2013 862 2063 at·

112 2118 175 2182 que
214 2098 311 2159 etiam
346 2099 450 2159 semel
480 2120 541 2181 per
570 2101 635 2162 vim
665 2115 792 2165 tentare
816 2099 860 2182 1)).

114 2198 320 2261 Adieruntur
349 2201 495 2262 rationes
528 2203 627 2280 aliae,
664 2203 723 2266 sed
747 2203 859 2286 priore

112 2301 216 2362 multo
242 2299 457 2375 infirmiores,
488 2304 665 2367 nonnullae
691 2301 786 2368 etiarn
806 2304 861 2369 ex‘·

114 2415 220 2465 treme
249 2401 398 2484 frigidae.
444 2404 607 2467 Accusant
637 2407 693 2467 alii
722 2406 861 2472 brevita-

113 2515 182 2565 tem
219 2502 360 2586 imperii.
411 2505 455 2566 At
486 2526 545 2568 cnr
572 2505 687 2571 eadem
717 2507 860 2573 brevitas

112 2623 179 2666 nou
207 2605 376 2689 impedivit
406 2606 518 2683 etiam,
556 2629 620 2693 quo
650 2609 755 2671 minus
784 2608 862 2672 feri·

116 2720 232 2768 rentur
251 2708 341 2769 aurei
360 2722 395 2771 et
413 2710 579 2793 argentei,
612 2724 645 2773 et
663 2711 697 2771 in
719 2723 862 2774 nostram

116 2820 257 2870 aetatem
277 2808 455 2873 durarent?
486 2813 538 2872 An
558 2833 622 2874 non
639 2812 773 2876 brevius
791 2811 862 2889 init,

30 2974 39 2987 ,
114 2923 169 2971 aut
191 2910 325 2994 aequale
348 2913 544 2989 Pertinacis,
586 2912 756 3007 Quintilli,
787 2912 863 2977 Flo·

118 3011 199 3072 riani
222 3012 415 3094 imperium,
446 3035 584 3096 quorum
610 3030 719 3078 tamen
739 3013 865 3102 copiosi

117 3112 207 3174 numi
249 3115 444 3197 supersunt?
486 3117 751 3198 Perspicaciores
792 3117 865 3194 alii,

117 3236 191 3278 oum
212 3230 344 3279 nossent
363 3215 504 3279 Othonis
530 3218 627 3282 vitam
646 3219 797 3295 mollem,
825 3240 863 3282 ac

117 3312 304 3394 delicatam,
344 3331 525 3381 aversatum
557 3339 632 3380 eum
663 3321 764 3384 inisse
795 3341 864 3382 mo·

115 3431 224 3482 netem
247 3439 379 3482 aeneam
404 3433 498 3482 acute
514 3418 685 3496 viderunt,
711 3420 862 3507 quoniam

120 3542 238 3583 manus
270 3535 426 3582 contactu
462 3524 549 3583 ueris
584 3520 736 3604 inficitur
763 3526 863 3587 odore

116 3644 228 3703 prauo,
245 3627 360 3686 veneni
368 3626 470 3684 etium
481 3626 647 3704 participe
661 3630 817 3701 materia,
831 3636 864 3687 et

118 3743 203 3800 quae
213 3723 233 3784 α’
240 3725 620 3806 poculentisubdicetur,
633 3739 665 3786 et
675 3727 864 3799 esculentis,

119 3825 257 3909 perinde
282 3825 373 3908 quasi
397 3843 498 3887 aenea
518 3841 646 3889 moneta
673 3838 727 3888 aut
744 3823 865 3907 princi·

119 3928 152 4009 pi
176 3930 364 3990 necessario
394 3927 777 3999 suissetcontrectunda,
811 3941 865 3989 aut

119 4026 159 4090 ad
189 4029 415 4092 conviviorum
453 4045 639 4112 apparatum
672 4027 865 4091 adhibenda.

119 4130 292 4193 Postrema
319 4131 402 4193 ratio
426 4133 568 4194 omnium
591 4133 691 4215 longe
712 4129 866 4194 inficetis·

121 4234 210 4297 tima.
255 4232 322 4295 Aes
346 4231 463 4297 ssavum
487 4234 574 4297 Italis
600 4243 714 4298 ottone
731 4231 865 4307 dicitur,

120 4334 186 4398 iore
207 4335 251 4396 ita
278 4333 398 4396 dietum
421 4354 483 4418 per
500 4335 693 4415 doripetron,
717 4334 806 4420 quod
827 4331 866 4396 ab

1588 425 1660 494 505

918 593 996 637 aere
1012 571 1101 638 Otho
1120 572 1332 650 adhaereret,
1362 573 1501 658 perinde
1518 599 1555 642 uc
1572 579 1663 658 Fata,

919 696 1000 761 quae
1019 678 1162 739 omnium
1180 675 1312 739 minimo
1326 691 1516 760 parcerent,
1536 681 1664 746 Parcae

917 778 1098 860 appellatae
1129 792 1213 841 sunt.
1269 779 1455 843 Postremus
1494 782 1551 843 has
1584 780 1664 847 duas

918 896 1028 941 musas
1055 880 1181 962 reperit
1209 883 1345 943 loannes
1375 881 1510 944 lacobus
1529 880 1665 948 chiflle-

918 980 1002 1056 tius‚
1031 995 1067 1042 ut
1090 993 1226 1042 testatur
1250 983 1320 1064 ejus
1344 982 1431 1044 fitius
1446 983 1609 1047 Hearicot
1630 985 1665 1047 in

918 1080 1045 1145 laudata
1076 1080 1325 1159 dissertatione,
1363 1104 1441 1168 quas
1473 1084 1549 1147 ideo
1578 1105 1666 1149 corn-

919 1202 1103 1245 memorare
1124 1182 1263 1266 placuit,
1287 1197 1322 1246 ut
1338 1197 1506 1269 appareat,
1531 1186 1565 1246 in
1582 1207 1666 1270 quaa

918 1281 1145 1362 cineocirovvcu
1172 1286 1379 1363 delabemur,
1417 1305 1491 1349 cum
1523 1287 1667 1350 omnium

917 1405 1030 1448 rerum
1055 1388 1206 1451 volamus
1229 1382 1404 1471 penetrare
1425 1407 1556 1465 causas,
1585 1400 1664 1474 quat

917 1506 978 1548 nos
1004 1488 1156 1570 ignorare
1175 1491 1297 1571 majore
1316 1509 1388 1552 cum
1406 1487 1503 1551 laude
1523 1505 1665 1573 praesta·
1698 1551 1700 1555 Α

918 1602 971 1651 ret
987 1590 1155 1670 profiteri,
1173 1592 1340 1670 nihilque,
1359 1604 1395 1652 ut
1408 1610 1481 1654 cum
1492 1591 1602 1654 Tullio
1619 1593 1667 1656 lo·

919 1711 1000 1776 quar
1014 1693 1063 1775 ο),
1083 1705 1153 1754 tum
1165 1707 1394 1775 praepostere,
1407 1705 1476 1755 tam
1485 1697 1669 1771 incondite,

919 1806 988 1856 tom
1019 1806 1226 1856 monstruose
1256 1797 1403 1876 cogitari
1428 1812 1540 1874 posse,
1581 1799 1670 1874 quoti

919 1914 985 1957 nort
1002 1898 1168 1975 possimus
1186 1899 1364 1959 somniare.
1402 1893 1506 1988 Quam
1522 1912 1582 1958 nos
1597 1895 1667 1959 ido-

917 2011 1012 2066 neam
1043 1997 1229 2059 adferemus
1251 2014 1399 2074 causam,
1433 2012 1497 2060 cur
1520 1995 1609 2062 obvii
1631 2019 1668 2062 nc

917 2098 1000 2162 viles
1023 2098 1086 2161 sint
1107 2097 1202 2161 aenei
1223 2096 1346 2160 Galbae
1368 2098 1479 2175 numi,
1516 2119 1591 2163 cunt
1612 2100 1670 2168 vi·

919 2200 1022 2277 tollii,
1050 2198 1106 2284 qui
1128 2209 1236 2263 tumen
1261 2201 1426 2286 aliquanto
1450 2203 1573 2268 diutins
1592 2206 1666 2290 ipso

918 2300 1022 2364 Galba
1040 2291 1228 2382 imperavit,
1256 2303 1384 2385 perrari
1401 2305 1464 2368 sint
1482 2308 1572 2368 numi
1584 2308 1670 2389 ejus·

919 2400 993 2465 dem
1021 2401 1168 2464 metalli?
1199 2403 1289 2464 Istud
1314 2404 1415 2486 igitur
1430 2420 1566 2470 'certum
1584 2422 1668 2485 esto,

917 2517 982 2566 tam
1008 2504 1104 2566 nobis
1127 2519 1202 2567 esse
1227 2504 1370 2587 ignotam
1394 2527 1503 2571 veram
1529 2511 1601 2593 ejus
1621 2509 1669 2572 ie

919 2606 965 2667 cti
997 2622 1141 2681 causam,
1176 2616 1270 2688 quarn
1302 2605 1397 2668 nobis
1426 2608 1667 2692 incompertum

918 2725 1050 2781 veram,
1078 2718 1112 2768 et
1135 2706 1300 2788 antiquum
1317 2708 1486 2790 exemplar
1503 2710 1593 2773 numi
1616 2729 1670 2772 ee·

919 2807 975 2868 nei
1001 2805 1179 2869 Othoniani
1202 2809 1371 2870 commatis
1397 2798 1547 2876 Romani.
1590 2812 1666 2894 Ego

920 2906 1035 2971 hercle
1068 2909 1138 2990 ejus
1172 2909 1364 2991 reperiundi
1403 2910 1565 2975 fortunam
1603 2933 1669 2975 uon

920 3029 1123 3092 magnopere
1159 3025 1299 3094 appet03
1335 3032 1408 3075 nam
1440 3013 1669 3097 praejudicatis

919 3111 1075 3177 adversus
1090 3131 1212 3175 aeneos
1230 3112 1373 3176 Othonis
1386 3135 1502 3179 numos
1523 3118 1667 3180 omnious

919 3213 1049 3290 animis,
1092 3217 1154 3277 etsi
1186 3206 1313 3278 oblatua
1345 3219 1417 3301 ejus
1445 3218 1579 3300 generis
1609 3238 1669 3279 nu·

919 3333 990 3377 mus
1015 3316 1122 3378 omnia
1147 3316 1332 3400 praeferret
1351 3338 1553 3402 praeterires
1570 3336 1666 3402 argu-

920 3430 1047 3493 menta,
1068 3429 1175 3478 tamen
1199 3416 1275 3478 satis
1293 3418 1362 3481 scio
1384 3419 1577 3503 exstituros,
1599 3421 1673 3502 qui,

920 3531 955 3580 ut
994 3519 1100 3601 ajunt,
1136 3516 1259 3578 nodum
1289 3519 1323 3580 iu
1351 3519 1460 3602 scirpo
1494 3533 1664 3602 quaerent,

920 3637 1120 3702 nauiumque
1164 3617 1217 3682 rel
1263 3640 1324 3704 per
1365 3620 1568 3697 levissimas,
1612 3634 1667 3684 aut

920 3722 1090 3782 arcessitus
1119 3737 1247 3796 causae,
1287 3735 1367 3806 quat
1391 3722 1423 3783 in
1450 3721 1592 3802 cujusvis
1624 3719 1670 3785 nl-

920 3822 1023 3885 terius
1052 3809 1267 3905 imperatorii
1285 3840 1387 3886 numo
1410 3837 1464 3886 sat
1488 3844 1555 3886 non
1580 3823 1669 3887 vide-

920 3935 1004 3996 rent,
1020 3935 1073 3986 ant
1093 3937 1307 4002 moererent,
1325 3925 1501 3989 inauditum
1517 3925 1673 3989 condem·

922 4023 1054 4087 nabunt.
1480 4044 1484 4050 “
1646 4021 1651 4028 ’

985 4124 1059 4188 Non
1080 4125 1302 4192 dissimulandi
1323 4127 1388 4193 boc
1411 4129 1485 4192 loco
1510 4128 1599 4191 nami
1615 4148 1671 4194 re·

923 4229 1125 4293 stitutionem
1149 4232 1245 4294 eanei
1270 4248 1343 4317 cnm
1365 4230 1471 4314 capite
1489 4229 1631 4296 Othonis
1649 4253 1670 4296 a

923 4332 1021 4396 variis
1037 4332 1175 4417 vulgali:

156 4622 185 4690 a)
206 4620 300 4678 Tacit.
318 4617 422 4675 ilistl.
440 4630 483 4682 aa.
559 4619 593 4689 b)
614 4618 734 4674 Sueten.
753 4625 814 4680 att.
834 4614 882 4671 alii
898 4615 1017 4691 passim
1092 4616 1123 4685 e}
1144 4613 1180 4669 de
1196 4612 1324 4672 Divinat.
1340 4612 1372 4668 L.
1383 4612 1419 4671 ll.
1438 4624 1518 4675 cat.

186 4730 280 4808 (rot.
296 4730 371 4807 Vt.)

1356 4722 1432 4812 Qu
