4012 5370
577 560 598 600 ι
941 445 1115 527 orno,
1732 473 1801 560 50,

252 611 327 674 tiam
356 607 492 694 probata
521 594 646 672 Nursini
676 611 746 693 ejus
776 611 851 675 sita.
896 613 997 676 Brevi
1026 702 1031 707 .
1055 635 1171 696 parare
1200 616 1296 680 facile
1324 617 1480 700 jacturam
1507 619 1685 701 potuisset,
1710 624 1802 697 mili·
1831 686 1832 689 ,

250 726 361 775 tamen
381 711 469 771 inter
491 723 675 796 utrumque·
691 711 877 777 intercessit
902 715 998 778 dissi·
1053 727 1168 799 tesqua
1188 717 1286 782 sitam
1303 736 1341 780 sc
1358 719 1547 802 sangninem
1561 740 1629 804 pro.
1639 723 1712 806 ejus
1728 745 1802 808 egu-

249 811 359 889 dium,
397 833 471 875 cum
502 814 592 874 Nero
625 813 810 895 Poppaeam
845 814 995 879 Sabinam
1054 836 1089 879 sa
1107 816 1281 894 offerrent,
1300 831 1408 882 tamen
1425 818 1624 901 reipublicae
1643 843 1747 906 cansa,
1766 840 1802 897 nt

247 915 435 1000 deperiret,
468 935 563 998 quam
585 914 702 975 marito
724 913 894 979 abductum
917 940 997 980 uxo·
1051 933 1245 1000 parceretur
1257 918 1396 997 civibus,
1414 920 1510 1003 cessit
1529 920 1677 1000 Vitellio,
1696 926 1799 1012 se'qne

246 1038 318 1081 retu
340 1015 464 1077 ducere
486 1013 617 1096 parabat
629 1013 739 1093 Otho,
767 1036 876 1101 neque
896 1020 993 1093 cede-
1048 1016 1121 1102 ipse
1135 1020 1270 1104 ⁸ingente
1289 1020 1428 1083 militum
1447 1019 1565 1086 dolore
1584 1043 1622 1086 as
1640 1025 1730 1090 luctu
1750 1028 1798 1110 in-

244 1138 283 1182 re
304 1117 400 1181 rivali
424 1114 566 1180 Caesari.
608 1117 675 1185 Per
702 1116 863 1188 honorem
891 1120 994 1203 igitqp
1049 1123 1198 1198 teremit,
1223 1123 1350 1206 fuitque
1374 1141 1462 1209 mors
1485 1121 1564 1201 forti
1582 1123 1689 1211 animo
1709 1127 1796 1215 ⁰bitt

245 1221 420 1284 aNerone
444 1217 606 1300 sepositus
625 1218 660 1277 in
681 1218 894 1298 Lusitaniam,
919 1243 989 1285 eam
1048 1242 1166 1306 magno
1194 1223 1342 1287 omnibus
1366 1213 1540 1314 miraculo,
1566 1227 1633 1310 qui
1660 1228 1796 1312 mollem

243 1323 445 1406 provinciam
474 1318 635 1382 decennio
663 1317 819 1401 singulari
841 1323 989 1387 modera-
1046 1323 1128 1402 ejus,
1146 1325 1332 1413 fluxamque
1349 1322 1458 1402 vitata,
1475 1344 1511 1387 ac
1528 1326 1702 1401 munditias
1716 1351 1793 1413 pae-

243 1424 352 1496 tione,
388 1434 422 1483 et
450 1418 642 1482 abstinentia
671 1422 767 1483 nexit.
812 1421 989 1497 Deficienti
1041 1442 1087 1487 ue
1108 1426 1287 1489 muliebres
1306 1444 1441 1507 novere.
1468 1423 1542 1519 Qua
1562 1442 1669 1507 motus
1690 1429 1795 1507 ipone·

242 1522 382 1591 subinde
405 1521 528 1586 Galbae
551 1542 586 1584 se
609 1521 733 1604 primus
754 1523 876 1604 junxit,
899 1528 987 1592 obla·
1045 1524 1137 1601 dibili
1161 1527 1337 1604 constantia
1360 1525 1518 1604 Maptialis
1542 1548 1608 1608 uon
1632 1529 1791 1602 dubitavit

242 1639 272 1689 ta
292 1626 391 1688 etiam
413 1624 446 1684 in
469 1623 627 1708 pecuniae
649 1646 740 1686 usum
763 1646 860 1695 auree
883 1642 916 1689 et
937 1651 987 1690 ar·
1042 1624 1160 1705 §atoni
1177 1627 1346 1703 Othonem
1363 1623 1553 1711 comparare
1570 1627 1621 1711 ὴ)ι

242 1739 361 1810 genten
401 1724 608 1807 supellectile
638 1727 690 1806 ¹),
733 1725 859 1810 fuitque
896 1728 986 1805 dein·
1036 1788 1040 1793 .
1108 1729 1264 1792 Siccam
1281 1731 1472 1806 duntvivt't,
1488 1730 1791 1813 suueoelCaesurp

242 1847 319 1909 ceps
339 1825 529 1909 imperatori
548 1825 649 1901 lidus,
677 1828 783 1890 donec
805 1829 984 1912 praelatum
1484 1831 1603 1908 sunjos,

241 1927 301 1993 sibi
330 1929 364 1991 in
389 1926 564 2010 adoptione
586 1927 739 1991 Pisonem
761 1929 851 1995 vidit.
889 1932 985 2006 Com·
1130 1931 1240 1997 'Dum
1279 1931 1441 2007 moritur,
1488 1930 1642 2007 nunquid
1683 1931 1789 2010 major

239 2044 347 2093 motus
367 2029 467 2114 igitur
491 2047 565 2091 cum
588 2028 704 2091 dolore
727 2029 889 2108 offensae,
914 2045 983 2093 tum
1479 2029 1609 2092 Othone
1619 2033 1723 2116 flsit?

239 2132 325 2196 seris
348 2129 447 2192 alieni
468 2129 707 2213 magnitudine,
737 2132 823 2216 quod
847 2131 982 2200 abolete
1039 2130 1189 2202 Mortuus
1217 2144 1268 2207 est
1296 2128 1350 2196 die
1377 2130 1464 2197 XVI.
1488 2129 1611 2212 dprilis
1638 2132 1786 2212 ejusdem

235 2233 299 2307 nisi
314 2233 348 2295 in
369 2253 496 2294 summo
514 2231 644 2314 lastigie
660 2255 725 2296 uon
738 2248 877 2317 poterat,
892 2254 982 2306 com·
1036 2231 1115 2296 anni
1133 2231 1173 2297 V.
1186 2232 1227 2310 ,(ζ.
1243 2233 1304 2293 ilua
1325 2230 1464 2312 septimo
1487 2244 1522 2306 et
1544 2229 1709 2314 tricesimo
1733 2255 1787 2296 an·

237 2335 351 2417 positis
375 2333 499 2394 insidiis
520 2357 538 2394 n
560 2333 669 2413 paucis
698 2335 837 2415 primum
866 2337 981 2399 salutu-
1035 2351 1100 2410 tto,
1131 2331 1262 2412 imperii
1286 2331 1339 2401 dis
1366 2330 1479 2415 viimi>
1503 2345 1538 2392 θῑ
1560 2336 1787 2417 nonagesimo.

237 2451 287 2498 tus
322 2435 521 2516 imperator,
562 2455 637 2495 mox
670 2433 796 2517 adjutus
825 2457 842 2496 a
872 2437 979 2500 militi·
1032 2430 1203 2509 ‚Mod‘tcum
1231 2435 1301 2517 ejus
1326 2446 1572 2512 monumentum
1600 2432 1686 2516 apud
1707 2436 1781 2498 Bri·

235 2538 294 2600 bus
314 2558 376 2622 per
392 2535 542 2618 ingentes
561 2535 814 2617 pollicitationes
832 2535 978 2613 adlectio,
1035 2532 1167 2611 xillum,
1194 2535 1469 2618 inscriptumqpet
1500 2535 1544 2594 Μ.
1567 2532 1779 2619 OTHONIS,

235 2654 266 2701 et
306 2637 431 2700 Galbae
468 2649 606 2718 propter
640 2637 804 2720 avaritiam
841 2636 978 2698 infensis
1031 2632 1140 2711 ,adhuc
1164 2636 1343 2711 Plutarcho
1364 2647 1576 2717 conspectum
1598 2634 1670 2703 tuit.
1700 2636 1782 2720 Ejus

233 2722 319 2801 hunc
348 2760 423 2801 cunt
450 2739 568 2808 Pisone
596 2736 738 2799 interlioi
765 2736 856 2818 jubet
878 2739 917 2804 V.
939 2740 975 2813 β.
1033 2736 1280 2809 tumultuarium
1300 2735 1475 2818 imperium
1499 2733 1596 2811 uobis
1621 2737 1780 2821 scriptum

233 2843 293 2902 822
334 2839 388 2902 die
423 2840 495 2904 XV.
528 2838 675 2900 Ianuarii.
719 2839 883 2921 Principia
918 2840 978 2901 im·
1028 2836 1201 2922 reliquere
1231 2837 1380 2916 Tacitus,
1416 2835 1613 2913 Suetonius,
1650 2837 1780 2920 ζΡΙιιιιιι·

227 2943 316 3025 perii
345 2941 434 3002 mitia
460 2960 497 3001 au
525 2937 691 3000 moderata
712 2940 825 3015 luere,
856 2961 976 3023 eogno-
1031 2937 1129 3015 olaus,
1151 2938 1226 3002 Dio·

231 3064 307 3106 meu
328 3044 427 3105 etiam
447 3041 587 3102 Neronis
608 3039 670 3100 sibi
693 3039 762 3102 dari
785 3042 825 3104 sd
849 3057 976 3124 captan-

233 3144 307 3210 dam
332 3141 462 3204 infimae
486 3141 591 3225 plebis
613 3142 746 3223 gratiam
769 3162 834 3204 uon
860 3145 977 3207 abbor·
1329 3120 1474 3196 mimi-¹

229 3249 305 3311 ruit.
358 3251 402 3307 At
439 3243 542 3328 qualis
573 3263 731 3311 „evasurus
764 3259 872 3322 esset,
914 3268 976 3329 per
1096 3242 1200 3323 Hujus
1217 3240 1309 3324 uumj
1327 3237 1494 3317 commotis
1511 3238 1668 3316 Romani,
1693 3260 1776 3325 quos

227 3350 330 3413 breve
356 3361 390 3410 et
416 3345 605 3428 impacatum
628 3343 757 3425 imperii
778 3357 906 3428 tempus
928 3348 975 3408 in·
1032 3362 1149 3416 aureus
1167 3357 1201 3405 et
1217 3358 1412 3427 argenteos,
1427 3338 1518 3423 quod
1534 3340 1690 3419 sciamus,
1707 3355 1774 3418 tatt-

226 3450 333 3532 telligi
355 3469 422 3510 non
444 3446 557 3529 potuit„
587 3447 667 3507 Nam
690 3465 764 3506 uum
786 3448 897 3529 paucis
919 3471 971 3523 an·
1029 3457 1099 3505 tutu
1126 3443 1225 3510 fuisse
1244 3445 1331 3520 inire
1345 3442 1518 3531 diusmo,
1547 3440 1625 3514 duos
1648 3455 1772 3512 tautum

227 3567 259 3614 tc
289 3550 406 3613 diebus
436 3547 595 3630 legiones
613 3547 806 3609 Germaniae
833 3548 970 3614 Vitellio
1028 3543 1175 3610 diversas
1207 3547 1320 3630 ospitis
1349 3542 1578 3634 inscriptiones
1610 3540 1771 3619 offerunt,

225 3653 398 3736 imperium
421 3649 632 3722 detulissent,
664 3647 784 3730 hicque
811 3669 885 3711 enm
914 3669 969 3731 ge·
1026 3648 1187 3729 neglectis
1218 3647 1307 3725 aliis,
1338 3664 1431 3742 ¹quus
1463 3640 1617 3726 proponit
1648 3645 1770 3717 ΠῠῑβῙ·

223 3756 345 3821 minato
366 3749 517 3814 exercitu
537 3751 647 3811 ltaliae
669 3749 873 3826 immineret,
895 3763 968 3819 ten·
1026 3745 1106 3822 lius,
1137 3748 1195 3811 sed
1224 3749 1266 3812 de
1295 3744 1413 3831 quibus
1441 3756 1566 3807 certum
1596 3743 1767 3823 judicium,

221 3857 294 3919 tatis
316 3855 438 3918 frustra
462 3851 548 3932 pacis
570 3851 810 3919 conditionibus
836 3849 966 3917 obviant
1024 3849 1129 3912 sintne
1162 3850 1256 3932 ltujns
1290 3844 1488 3918 commatis,
1519 3841 1602 3904 ferri
1635 3847 1767 3931 nequit,

220 3956 307 4020 hosti
338 3952 482 4018 eundum
512 3951 583 4012 luit.
627 3955 701 4034 lpso
729 3951 861 4014 Brixilli
892 3952 967 4015 sub·
1023 3971 1095 4012 cum
1122 3972 1215 4014 more
1238 3972 1296 4013 suo
1317 3960 1426 4045 partes
1447 3943 1568 4007 anticas
1590 3966 1609 4008 s
1629 3945 1764 4028 posticis

219 4058 354 4120 sistente
387 4052 487 4116 duces
516 4054 659 4118 feliciter
688 4054 858 4138 aliquoties
891 4073 965 4127 cum
1024 4049 1168 4118 divellat.

218 4157 404 4223 Vitellianis
421 4156 606 4239 congressi,
625 4155 751 4226 taudem
769 4156 965 4219 internecio·
1085 4155 1174 4217 tttP.
1196 4150 1334 4218 OTHO.
1357 4147 1539 4244 CAESAR.
1564 4146 1667 4214 AVG.
1690 4148 1761 4213 ΤΗ.

219 4278 264 4326 tte
292 4258 377 4344 apud
404 4257 601 4320 Bedriacum
629 4256 716 4319 caesi
743 4271 837 4335 sunt3
872 4256 963 4336 cujus
1021 4252 1059 4318 P.
1082 4268 1130 4317 et:

220 4361 319 4426 etatis
346 4371 486 4441 accepto
515 4356 634 4419 nuncio
667 4357 730 4420 etsi
765 4357 965 4427 adventanti·
1085 4355 1172 4417 tttt’.
1199 4355 1245 4417 tt.
1276 4348 1415 4416 OTHO.
1446 4347 1627 4413 CAESAR.
1657 4346 1757 4413 ΔΥΕ.

218 4461 280 4526 bus
301 4480 559 4547 quaquaversum
586 4459 678 4522 novis
700 4458 886 4543 legionibus
910 4478 964 4525 te·
1022 4457 1092 4528 ΤΒ.
1111 4457 1150 4521 Ρ.

258 4673 286 4738 a]
306 4667 454 4725 Plunrcls.
472 4671 501 4723 iu
518 4667 629 4726 Othon.
648 4667 727 4723 Suet.
745 4675 806 4725 cal.
882 4662 917 4734 b)
936 4660 1193 4737 L.V1.epigr.32.
