3998 5340
212 484 284 565 592
794 439 1178 531 uo'n1r1nnvs

216 630 579 715 rnusproflsctogronde
587 631 773 710 patientiae
788 630 958 690 documen·
1014 643 1080 687 ono
1105 622 1236 706 juberet
1264 620 1365 683 scolas
1386 616 1529 701 inies-ri,
1569 622 1776 711 clypeosque

149 724 155 731 ’
216 747 303 808 tum,
321 745 354 795 es
372 730 782 804 sieutvetusoetnsvidit,
810 731 891 808 quid
908 729 957 791 nl·
1015 739 1049 787 et
1067 723 1226 808 imagines
1251 720 1321 804 ejus
1342 741 1457 786 eoram
1478 718 1649 803 (lembi,
1677 725 1777 793 etad·

215 839 333 897 timum
346 836 383 895 in
392 833 547 893 libertate
564 842 660 905 esset,
675 832 727 892 ito
741 851 810 905 nos,
823 831 907 909 quid
919 831 957 891 in
1014 825 1084 908 lligi
1109 825 1199 901 solo,
1228 823 1404 889 novissima
1427 822 1631 897 eradendos
1651 824 1772 913 ubique

213 937 389 1009 servitute,
414 935 565 1011 adempto
581 952 643 1012 per
666 930 901 1010 inquisitiones
922 941 955 991 st
1013 925 1138 995 titulos,
1178 922 1437 1009 abolendamque
1476 944 1623 991 omnem
1655 946 1772 993 mene

213 1036 370 1115 loquendi
381 1034 600 1111 audiendique
610 1033 817 1097 commercio.
830 1031 957 1092 Memo·
1012 1028 1095 1089 riam
1120 1025 1317 1089 decerneret
1337 1023 1382 1108 l¹).
1428 1030 1545 1112 Atque
1569 1028 1662 1095 baec
1690 1030 1771 1113 prix·
1820 1010 1822 1027 ¹

215 1139 301 1197 riom
318 1151 444 1213 qnoque
456 1136 562 1212 ipsam
579 1152 653 1192 eum
673 1150 751 1192 noce
762 1133 955 1211 perdidisse·
1014 1145 1093 1208 ceps
1109 1145 1205 1189 causa
1223 1124 1301 1204 suit,
1325 1148 1386 1190 eur
1402 1128 1597 1212 Procopius
1611 1150 1701 1195 asso
1714 1148 1768 1195 sas

216 1256 307 1309 mus,
334 1235 367 1294 si
398 1245 466 1291 tem
486 1233 522 1291 in
547 1242 662 1291 nostra
685 1242 852 1308 potestate
871 1241 957 1290 esset
1013 1228 1140 1289 unicam
1168 1226 1368 1311 superfuisse
1392 1240 1520 1291 tantuna
1539 1230 1618 1305 eins
1638 1244 1766 1295 sum·

214 1335 382 1406 oblivisci,
407 1342 637 1408 quorntneere.
670 1331 713 1391 Et
725 1329 783 1391 soit
799 1330 869 1410 ejus
886 1348 957 1390 cru·
1015 1326 1158 1411 potuerit
1174 1328 1339 1402 adserere,
1357 1328 1419 1389 etsi
1437 1328 1557 1413 putida
1570 1330 1637 1407 ibi,
1656 1334 1767 1417 utplu-

215 1432 330 1492 delitas
356 1442 443 1491 tanto
467 1429 571 1490 minus
593 1429 745 1506 serenda,
771 1431 859 1514 quod
883 1450 956 1493 cum
1015 1450 1056 1492 ne
1075 1430 1233 1509 conjicio,
1250 1428 1390 1491 admixta
1407 1428 1519 1493 fabula
1542 1429 1580 1513 1).
1615 1432 1766 1497 atoue

217 1530 403 1593 incredibili
431 1530 630 1611 arrogantia,
663 1551 700 1594 ae
723 1533 859 1595 vanitate
882 1551 958 1595 cen·
1014 1550 1144 1594 caesum
1180 1530 1402 1593 Domitianum
1438 1531 1643 1615 gravissime
1687 1534 1766 1609 tulit,

215 1634 322 1715 juncta
341 1633 411 1696 snit.
444 1631 624 1715 Idem,qui
640 1646 792 1714 suscepto
807 1632 897 1696 bello
915 1652 958 1694 ne
1016 1631 1186 1714 statimque
1209 1651 1284 1693 eum
1303 1634 1414 1693 divum
1435 1632 1614 1719 appellare
1639 1650 1766 1701 consae

215 1737 285 1797 riso
313 1734 444 1818 quidem
470 1733 563 1796 hoste
584 1754 738 1796 reversus
761 1747 829 1810 est,
858 1747 891 1796 et
916 1733 958 1795 de
1017 1732 1256 1814 est,postulatis
1274 1731 1315 1795 ad
1339 1752 1498 1816 poenam,
1527 1732 1622 1821 quod
1642 1736 1765 1803 mnes

215 1836 312 1897 Dacis
339 1835 386 1898 sic
412 1835 637 1918 triumphavit,
670 1848 794 1895 utnon
819 1835 960 1918 puderet
1016 1856 1054 1895 sa
1091 1853 1327 1916 exsequemur,
1365 1832 1478 1898 caedis
1506 1836 1704 1903 auctoribus
1723 1838 1764 1917 ι).

214 1958 354 1999 annuum
380 1938 427 1998 eie
443 1937 597 1997 tributum
616 1934 824 2017 persolvere,
848 1949 896 1998 tot
916 1948 959 1997 ta·
1016 1934 1116 1995 Causa
1132 1932 1209 1995 tenti
1223 1932 1368 2025 adiectus
1384 1932 1446 1996 tait
1454 1934 1663 2019 stipendium
1678 1958 1763 2023 quas·

215 2058 289 2098 men
311 2057 372 2118 per
394 2037 482 2099 urbis
507 2036 662 2117 regiones
686 2056 778 2098 arcus
794 2056 867 2098 cum
884 2056 959 2119 qua·
1016 2047 1046 2096 ta
1067 2046 1159 2115 parte
1182 2046 1330 2109 anetum,
1354 2054 1416 2117 qua
1438 2036 1631 2103 inconsulta
1653 2038 1764 2103 bbere

215 2138 334 2220 drigis,
352 2152 384 2200 et
402 2138 580 2221 insignibus
599 2137 853 2219 triumphorum,
865 2135 959 2220 quod
1016 2133 1104 2196 litate
1122 2134 1252 2212 lactum,
1267 2149 1303 2198 ut
1317 2150 1467 2200 cessante
1485 2138 1526 2201 ad
1538 2140 1604 2205 bus
1619 2153 1761 2225 sumptu

214 2241 352 2321 inspecti
373 2240 468 2301 etium
482 2238 571 2302 nomi
592 2252 765 2311 testantur,
786 2238 958 2312 exstruxit,
1015 2238 1141 2298 aerario
1159 2236 1297 2299 militum
1313 2258 1485 2301 numerum
1503 2256 1691 2327 cogeretur
1709 2242 1761 2303 in·

215 2354 575 2422 quotetquantosanto
596 2357 783 2400 eumnemo
807 2341 849 2416 ⁸).
878 2339 957 2421 Sep·
1015 2339 1184 2413 minuere,
1223 2338 1410 2421 provinciae
1446 2359 1532 2405 reru
1569 2342 1762 2407 necessariis

214 2439 393 2515 tembrcm,
430 2456 463 2503 et
494 2440 672 2503 Octobrem
705 2459 745 2501 ex
774 2438 957 2500 nominibus
1014 2437 1184 2521 praesidiis
1206 2440 1344 2504 nudatae
1369 2453 1459 2502 tanto
1482 2443 1592 2527 magis
1612 2442 1762 2525 besens

215 2541 280 2603 suis
308 2540 557 2612 Germanicum,
586 2543 881 2618 Domitianumque
904 2561 958 2623 ap·
1014 2561 1087 2601 rum
1104 2540 1344 2606 incursionibus
1360 2556 1513 2624 paterent
1531 2542 1570 2626 ¹).

216 2643 368 2728 pellaris,
405 2646 490 2728 quod
522 2645 628 2706 altero
652 2639 825 2724 imperium
853 2662 960 2707 susce·
1080 2644 1174 2711 onr
1195 2644 1364 2721 Domitio,
1388 2656 1535 2709 etexea
1553 2658 1654 2711 uatus
1670 2644 1765 2709 illias.-

214 2749 334 2833 pisset,
370 2748 476 2811 altero
508 2760 601 2809 natus
639 2755 726 2806 esset
741 2740 785 2821 lt).
827 2744 959 2807 Flaviae
1018 2742 1377 2815 Videinirainnnmis
1395 2744 1576 2811 Domitiae.

213 2847 667 2935 gentilemplunrercxite),
688 2842 883 2928 actionique
904 2845 961 2907 do·
1281 2892 1300 2929 „
1384 2845 1404 2884 ⁴
1486 2892 1508 2931 ,

214 2955 399 3027 minumae,
419 2952 581 3036 deumque
600 2946 903 3029 compellos’itipse,
929 2959 963 3009 et
1085 2946 1182 3008 Numi
1206 2946 1246 3008 ad
1277 2966 1395 3009 anuum
1426 2946 1692 3032 praecedentem
1718 2948 1770 3013 ds·

215 3051 408 3135 compellari
425 3072 460 3114 se
479 3053 518 3113 ab
535 3051 607 3112 aliis
627 3047 728 3111 voluit
744 3044 794 3127 ¹¹),
817 3068 898 3128 quos
913 3047 959 3107 in·
1017 3048 1148 3131 scripti,
1166 3048 1221 3131 qui
1243 3047 1317 3113 trib.
1334 3062 1530 3133 potestatem
1547 3048 1626 3119 XV.
1647 3064 1684 3117 et
1698 3068 1772 3115 ese·

215 3174 310 3218 sanos
333 3150 445 3212 titulos
463 3171 504 3212 ex
519 3151 626 3210 numia
643 3149 774 3231 quidem
791 3159 959 3221 extorres,
1011 3150 1151 3217 sulatum
1169 3149 1270 3213 xvn.
1289 3148 1574 3227 memorabantur
1592 3150 1686 3217 buno
1710 3150 1771 3217 sibl

215 3250 370 3338 oporibus
391 3263 500 3313 tamen
523 3248 643 3332 liglinis
669 3248 843 3329 inscriptos
866 3266 960 3330 repe·
1017 3272 1134 3315 annum
1153 3249 1324 3314 vindicant,
1353 3252 1443 3315 Carti
1461 3251 1557 3335 hujus
1572 3254 1653 3317 suni
1670 3252 1770 3329 stul.

215 3357 259 3419 rit
287 3352 455 3415 Passerius
476 3354 520 3432 ε),
560 3364 595 3411 ut
625 3362 748 3412 taceam
776 3347 959 3430 aequalium
1016 3353 1168 3437 intelligo
1189 3352 1387 3415 tribunatum
1406 3354 1494 3423 XVI.
1523 3352 1767 3437 praeferentes,

216 3458 428 3541 scriptorum,
466 3474 503 3516 oc
522 3452 697 3537 praecipue
721 3462 891 3535 poetarum
914 3450 961 3511 in·
1017 3456 1161 3519 nondum
1176 3458 1313 3539 reperti,

216 3560 314 3645 genia
337 3558 371 3619 io
392 3556 631 3619 adsentationes
661 3549 862 3639 praecipitia.
904 3552 961 3613 At·
1277 3586 1295 3621 .
1382 3540 1398 3574 ’
1485 3584 1503 3619 .

216 3682 280 3746 que
309 3660 363 3721 bic
384 3657 533 3721 dominns
557 3657 703 3740 deusque
729 3652 874 3751 quotidie
898 3652 959 3715 sibi
1079 3657 1220 3719 Numam
1238 3656 1510 3731 consecrationis,
1533 3674 1632 3741 quen
1647 3676 1694 3723 ex
1709 3658 1769 3723 Ps-

216 3763 332 3826 boram
370 3758 532 3840 seposuit,
572 3779 634 3841 qua
674 3754 783 3820 sonari
816 3774 958 3830 muscas,
1015 3757 1085 3820 tino
1116 3756 1290 3842 descripsit
1321 3756 1568 3831 llediobarbus,
1611 3755 1721 3825 inisse
1746 3782 1766 3823 a

216 3880 252 3927 et
274 3862 351 3925 stilo
372 3856 539 3940 conligere
561 3856 697 3920 instituit
716 3856 753 3937 Ι).
793 3856 882 3917 Nihil
896 3877 958 3918 ma·
1016 3857 1148 3926 falsarie
1167 3859 1344 3935 intrusum,
1363 3856 1474 3923 docuit
1490 3858 1533 3922 cl.
1547 3858 1663 3923 valois
1678 3866 1733 3943 ¹).

219 3967 269 4047 qis
289 3964 433 4045 ineptum
457 3959 607 4022 convivio
624 3956 773 4029 funebri,
810 3956 898 4040 quod
916 3958 960 4020 si·

216 4068 263 4130 ris
287 4063 378 4129 urbis
402 4058 599 4143 gravissimis
626 4058 807 4143 apparavit,
838 4057 960 4122 deseri·
1268 4038 1389 4105 Num
1409 4046 1517 4125 ⁹⁰83·

217 4172 346 4255 psitque
363 4163 491 4249 prolixe
511 4161 574 4225 llio
597 4163 637 4241 ιι).
682 4156 793 4249 Quare
815 4177 857 4221 eo
875 4176 960 4220 mor·
1157 4158 1446 4229 nominative.
1479 4158 1581 4227 AVG.
1619 4158 1767 4231 ΕΒΗ.

218 4284 275 4337 tuo
297 4272 341 4333 ita
367 4270 501 4331 laetatus
532 4276 582 4327 cst
609 4274 755 4335 senatus,
794 4267 831 4319 ut
859 4258 961 4321 conti·
1162 4259 1269 4337 Caput
1284 4265 1417 4325 nudum.

228 4360 1757 4395 Μ

255 4428 287 4493 a)
307 4424 387 4479 Sues
405 4432 483 4483 are.
575 4416 611 4491 b)
628 4414 700 4473 ibid.
793 4414 826 4483 c)
844 4408 1084 4485 sasserlum.
1176 4413 1212 4485 d)
1231 4414 1312 4472 Suet,
1331 4422 1410 4475 aas.
1501 4414 1533 4483 e)
1553 4412 1765 4477 Lucem.'l'.l.

219 4514 333 4575 ot».z:,.
353 4510 578 4571 emotus.
597 4519 641 4575 ss.
697 4502 900 4579 bsecras.
919 4498 1208 4577 utonlxvtqo.
1282 4506 1315 4579 g)
1335 4498 1570 4571 tarsenae.
1625 4501 1661 4571 a)
1681 4502 1767 4561 suaa

219 4614 300 4667 ets.
385 4600 408 4661 i',
429 4598 502 4661 llist.
521 4606 697 4667 arcense.
782 4594 817 4667 l)
837 4590 1012 4657 success
1098 4588 1124 4665 l)
1143 4590 1222 4651 Suet.
1240 4604 1303 4655 ct.
1322 4600 1363 4653 12·
1382 4588 1521 4646 Zemru-
1614 4590 1658 4657 ιιι)
1679 4588 1712 4647 Β.
1730 4590 1764 4649 l.

219 4694 304 4753 Τιιιιι.
314 4690 376 4751 Xll·
392 4708 459 4767 με·
471 4704 532 4756 :stt-
