4012 5370
802 452 1189 528 DOMITIANVS.
1699 481 1769 549 385
1867 395 1870 398 Α

482 667 501 703 ,
588 625 607 658 *⁵
693 670 710 704 4
1024 610 1239 705 mulgentem,
1265 635 1298 682 ut
1322 622 1384 704 jam
1408 622 1583 689 adsnumos
1607 627 1772 710 hujusar·

368 725 413 783 Vr
433 720 561 785 lisA:
1025 724 1170 806 gementi
1204 723 1311 806 gentis
1349 723 1543 808 Sanquinius
1581 727 1770 806 observari,

220 821 317 884 008.
343 821 445 886 Xllll.
496 824 633 904 (lippus,
668 827 724 885 cui
748 825 963 906 inscriptum.-
1020 825 1081 887 nisi
1107 824 1193 886 iortc
1218 823 1279 885 fuit
1308 823 1434 887 habitus
1459 828 1603 911 ipsorum
1634 832 1769 915 quinde-

219 925 323 988 LVD.
339 924 461 988 snEc.
480 924 574 989 FEC.
592 930 683 989 intra
700 926 861 990 lauream.
889 924 972 992 AV..
1020 924 1259 1001 cumrircrum,
1276 945 1433 1009 quornm,
1455 943 1490 992 ut
1509 929 1592 1008 dixi,
1614 932 1675 995 fait
1695 955 1770 1017 pro·

221 1027 321 1104 (Mus.
339 1026 446 1107 Caes.)
1022 1046 1139 1090 curare
1157 1026 1252 1088 ludos
1270 1027 1466 1095 saeculares.

367 1118 489 1202 Alitis,
515 1127 723 1199 seduction,
750 1138 787 1186 ut
806 1126 858 1187 iit.
870 1124 911 1188 B.
932 1137 965 1187 et
1167 1131 1213 1187 Vt
1233 1129 1285 1188 iit.
1303 1132 1339 1192 0.

364 1249 407 1289 ex
426 1231 495 1290 Aia
515 1226 740 1310 (Muscacs.)
1024 1227 1120 1292 COS.
1141 1228 1240 1292 xu11.
1270 1229 1372 1293 LVD.
1400 1231 1521 1295 SAEC.
1552 1231 1648 1300 FEC.
1677 1236 1711 1300 S.
1732 1240 1769 1300 C.

369 1333 413 1390 Vt
434 1332 486 1390 lit.
500 1332 541 1394 B.
1024 1329 1208 1410 Imperator
1229 1340 1365 1410 togatus
1388 1343 1481 1394 stans
1502 1335 1534 1394 d.
1551 1347 1703 1412 poteram
1727 1343 1773 1401 od

222 1428 435 1492 cos,x1111.
460 1432 561 1496 LVD.
582 1427 814 1491 SAEC.FEC.
840 1433 903 1492 Vir
918 1440 979 1491 to·>
1026 1448 1120 1491 nram
1140 1425 1331 1512 sacrificam
1361 1430 1442 1494 hino
1463 1434 1584 1496 mulier
1606 1435 1701 1500 dumi
1723 1461 1772 1502 se·

218 1532 498 1611 gntusgrndiens
515 1529 754 1611 loetargum,
778 1531 968 1607 enquobi·
1024 1533 1135 1607 denr,.
1154 1543 1189 1592 et
1219 1531 1250 1595 d.
1273 1535 1491 1612 cornucopioe
1514 1547 1646 1614 tmcens,
1676 1537 1774 1602 illine

220 1632 378 1690 naeniae
393 1634 594 1712 adsurgunt,
613 1633 644 1693 d.
663 1630 839 1704 bacillum,
854 1653 881 1696 s.
898 1630 966 1713 ely·
1021 1650 1108 1712 popo
1136 1650 1273 1712 porcam
1298 1635 1462 1710 attinens,
1492 1655 1578 1714 pone
1609 1637 1773 1701 cititnroe·

217 1752 314 1808 prum
326 1736 515 1794 rotundum.
527 1729 966 1823 AR.etQuin.(Mus.Cees.)
1025 1732 1103 1804 dus,
1125 1743 1156 1792 et
1175 1731 1400 1794 tibicen..AE.
1421 1735 1447 1797 1.
1471 1737 1571 1814 (Mus.
1587 1736 1688 1798 Foru:
1702 1741 1771 1801 Mo·

328 1836 372 1892 Vs
392 1833 444 1896 lis.
459 1834 498 1896 B.
1024 1828 1139 1910 rolli)-
1458 1891 1461 1897 .

222 1933 347 1993 Eadem
376 1934 552 2014 epigraphe
576 1937 703 1999 inseror
730 1936 843 2015 cippo,
865 1936 966 2011 jassa
1086 1931 1169 2008 nie,
1193 1945 1227 1995 et
1249 1946 1423 2015 sequentes
1445 1935 1535 1997 numi
1553 1937 1688 2020 egregie
1708 1959 1767 2003 nos

220 2035 472 2109 condelabrum,
508 2048 541 2096 et
568 2034 690 2096 similis
715 2037 768 2095 vir
794 2037 978 2115 gradiens..
1023 2032 1058 2093 in
1073 2031 1227 2095 ludorum
1243 2033 1456 2097 saccularium
1473 2036 1679 2101 caerimoniis
1696 2059 1770 2102 cru·

221 2135 292 2197 All.
313 2137 414 2213 (llius.
432 2136 541 2214 Caes.)
1022 2131 1130 2210 diunt,
1146 2148 1179 2197 et
1195 2134 1342 2216 apposite
1359 2134 1399 2197 ad
1419 2157 1474 2212 ea,
1491 2159 1572 2221 quac
1595 2139 1636 2202 de
1654 2160 1768 2204 corum

284 2234 404 2297 Gorius
420 2237 523 2298 variae
540 2233 744 2297 eruditorum
761 2218 965 2318 conjecturis
1025 2234 1153 2316 origine
1176 2248 1208 2297 et
1228 2235 1294 2296 rita
1314 2235 1496 2301 liberaliter
1513 2256 1771 2304 commemorant

219 2350 406 2411 enumerat,
442 2335 519 2418 quid
552 2337 748 2419 opinandum
779 2337 821 2399 sit
852 2337 893 2400 dc
922 2337 968 2400 vi·
1025 2336 1178 2400 Valerius
1198 2336 1359 2399 Maximus
1375 2315 1423 2416 cf,
1447 2353 1480 2401 ct
1500 2340 1688 2423 cumprimis
1710 2345 1771 2406 Zo-

217 2457 278 2510 ro,
308 2438 396 2498 cultu
422 2452 485 2498 tam
511 2438 666 2518 singulari
692 2437 900 2520 ingrediente
922 2440 979 2519 ¹)„
1026 2434 1183 2517 simusd).
1206 2439 1773 2532 lnpraeseuteuumoiing-itnrim·
1855 2525 1863 2536 ι

218 2538 291 2601 aliis
314 2539 452 2614 Salium,
480 2539 551 2600 aliis
574 2540 755 2617 Fecialcm,
782 2540 853 2602 aliis
874 2559 969 2621 prae·
1024 2551 1157 2620 perator
1176 2537 1277 2601 sacris
1293 2537 1334 2601 ad
1353 2561 1440 2603 aram
1461 2562 1599 2625 operans
1620 2545 1658 2607 ad
1679 2547 1772 2627 lyruc

215 2659 336 2704 eonem
365 2640 568 2722 putantibus,
599 2656 695 2725 atque
723 2640 794 2724 ipse
823 2639 967 2724 denique
1025 2651 1060 2700 et
1080 2637 1397 2706 tibiaeconcentum.
1426 2645 1514 2706 lacet
1539 2645 1629 2706 humi
1655 2645 1771 2708 Tellus
1872 2635 1873 2638 ¹

220 2764 310 2805 suam
335 2742 488 2825 proponit
512 2743 751 2823 conjecturam,
779 2740 969 2806 rideri-llll·
1025 2751 1145 2816 mater,
1177 2760 1273 2823 quam
1297 2754 1387 2804 notat
1410 2746 1645 2827 cornucopiam,
1677 2745 1771 2806 nimi·

220 2863 352 2907 nervam
379 2867 396 2905 a
418 2844 604 2908 Domitiano
631 2856 768 2928 propter
798 2841 966 2926 cognitum
1024 2859 1099 2902 mm
1119 2839 1293 2903 fecundam
1309 2861 1423 2905 rerum
1441 2858 1630 2927 parentem,
1656 2857 1691 2906 ct
1715 2845 1769 2909 ad·

221 2949 254 3007 in
285 2967 355 3009 eam
383 2945 546 3006 adlectum
576 2946 744 3020 ludorum,
777 2944 819 3007 de
849 2943 966 3028 quibus
1023 2939 1157 3004 docitur
1174 2960 1292 3024 porco,
1318 2962 1438 3026 nempe
1453 2945 1582 3007 'I'clluri
1601 2945 1769 3009 immolau-

219 3049 365 3131 agimus,
409 3047 560 3108 arbitram
600 3048 820 3120 constitutam,
868 3058 967 3129 atquc
1024 3042 1081 3120 da,
1113 3040 1202 3125 quod
1225 3043 1330 3125 ipsum
1353 3060 1564 3130 praeseptum
1590 3060 1640 3110 est
1665 3048 1768 3110 versi·

220 3148 307 3211 istud
345 3149 454 3232 paullo
494 3147 578 3210 infra
606 3146 651 3228 b)
671 3168 737 3210 nou
769 3148 833 3230 jam
866 3147 974 3229 conji·
1023 3143 1270 3225 bas-Sibyllinis
1288 3145 1472 3211 interiissc
1491 3147 1644 3212 ludorum
1662 3151 1770 3213 solen·
1854 3137 1857 3144 ’

221 3251 337 3314 cientis
360 3271 470 3325 more,
502 3250 559 3312 sed
582 3248 786 3312 confidenter
807 3247 965 3313 adfirmat.
1023 3246 1077 3310 nia
1096 3243 1186 3324 fleri,
1208 3266 1290 3332 quos
1308 3248 1371 3312 hoc
1389 3247 1466 3314 loco
1484 3251 1567 3314 sistit
1583 3251 1747 3316 Zosimus:

220 3354 294 3413 Non
324 3353 471 3415 meminit
492 3350 631 3427 Gorius,
662 3350 858 3414 simillimam
887 3350 966 3432 ligu-
1333 3412 1347 3431 ι
1456 3349 1530 3414 sicis
1551 3344 1585 3413 ds
1607 3347 1636 3411 Γ
1638 3378 1690 3436 asp

221 3475 309 3528 ram,
340 3453 401 3516 nisi
432 3452 520 3538 quod
548 3474 608 3537 pro
638 3452 757 3516 bacillo
787 3453 967 3514 caduceum
1090 3443 1401 3535 anSvpssp'xeseoe
1419 3472 1455 3512 rs
1471 3472 1521 3511 aas
1540 3451 1574 3525 ὖς
1591 3456 1698 3531 trenaro
1716 3475 1766 3533 ps·

221 3552 357 3617 dextere
382 3556 545 3636 praefert,
572 3555 712 3639 proponi
735 3552 834 3617 etism
855 3552 889 3612 in
909 3573 968 3613 nu·
1457 3553 1558 3615 λαυα.

220 3657 281 3718 mis
306 3658 444 3739 Augusti
471 3658 511 3718 ad
533 3678 649 3719 annum
672 3656 714 3723 V.
731 3656 768 3719 C.
789 3654 872 3736 737,
899 3665 968 3716 tum
1207 3639 1208 3642 ¹
1319 3650 1436 3711 deinde
1458 3671 1533 3712 cero
1562 3651 1686 3724 Telluri

220 3772 255 3821 et
276 3761 382 3839 gentis
406 3758 616 3841 Sanquinius,
647 3756 779 3839 signatis
803 3754 882 3819 item
910 3773 964 3817 oc·
1085 3751 1201 3813 Feroci
1207 3764 1387 3828 porcus,.et
1398 3753 1768 3835 susimmoleturnigrn.

220 3859 351 3922 sasione
379 3857 530 3919 ludorum
557 3855 769 3920 saecularium
795 3856 854 3920 illo
881 3868 963 3920 tem·
1020 3850 1117 3921 Vnde
1150 3863 1183 3913 ct
1214 3851 1369 3914 Horatius
1403 3851 1490 3915 iuter
1520 3852 1583 3916 slis
1615 3853 1765 3928 numius,

220 3979 303 4042 pore
340 3959 514 4047 obitorum.
564 3957 659 4023 Vnde
695 3958 816 4043 liquet,
857 3957 976 4021 virum*
1023 3953 1139 4040 quibus
1162 3965 1231 4014 tum
1251 3965 1327 4015 rota
1346 3952 1420 4016 lieri
1438 3974 1658 4034 consuevere,
1690 3953 1766 4017 'Pel-

220 4062 267 4125 sic
295 4059 441 4122 indutum
470 4079 542 4124 esse
568 4059 826 4147 qualemcunque
848 4059 966 4124 horum
1022 4056 1130 4120 iurem
1151 4074 1282 4140 quoque
1299 4054 1429 4121 mrocst
1443 4058 1490 4140 e>s

222 4162 393 4240 ludorum,
417 4176 469 4226 aut
486 4161 754 4225 caerimoniarum
772 4160 965 4237 ministrnm,
1086 4157 1224 4220 Fertilis
1234 4159 1397 4241 frugum,
1414 4159 1606 4236 pecorisque
1631 4154 1741 4218 Tellus

221 4285 257 4327 ac
286 4265 509 4329 verisimiliter
538 4284 746 4348 praeconem·
763 4262 874 4327 tudes.
892 4281 981 4346 pror
1089 4258 1208 4342 Spicea
1229 4260 1330 4322 donet
1353 4260 1500 4323 Cererem
1521 4275 1654 4320 corono.

227 4430 1757 4465 Μ

260 4569 292 4637 a)
311 4565 820 4644 Adltorelliiimpp.T.11.p.trt.
930 4565 1126 4642 &pag-429·
1237 4557 1366 4639 0)L.11·
1384 4558 1525 4631 ΜΗ.
1636 4556 1770 4634 d)L.11.

224 4653 277 4712 sub
293 4656 354 4713 inis
466 4660 497 4728 c)
518 4657 616 4717 Carm.
632 4673 709 4715 saec.
726 4674 754 4716 v.
762 4668 806 4731 29.

287 4765 381 4846 (Vol.
395 4766 473 4847 VI.)
1422 4756 1449 4823 C
1471 4774 1489 4822 ο
1511 4776 1529 4821 c
