3998 5340
884 443 1096 518 canna.
1670 469 1766 568 22„

189 618 194 632 '
221 618 311 681 numi
338 618 445 701 gentis
466 614 615 691 Caeliae,
644 609 821 695 inquibus
847 611 962 675 visitur
1019 614 1094 678 loco
1119 618 1305 682 Morellius'
1323 621 1410 687 inter
1438 625 1582 695 incertos
1612 634 1765 717 exbibet,

220 721 349 805 signum
368 721 525 794 militare,
551 715 604 780 cui
623 715 818 796 inscriptam
833 715 964 796 Hispa·
1019 716 1124 782 adbuc
1143 733 1233 797 sunt,
1255 723 1310 806 qui
1325 728 1448 790 natales
1466 751 1542 803 suos
1560 733 1683 802 Galbae
1703 738 1764 803 im·

220 827 294 898 aia,
325 823 413 905 juxta
435 840 571 903 porcus,
603 828 658 878 aut
684 815 719 876 in
745 815 816 876 aliia
841 834 961 896 porcus
1019 819 1116 901 perio
1143 820 1303 899 debeant,
1339 827 1398 888 sed
1425 828 1522 894 dubia
1549 851 1623 900 sunt
1647 858 1766 907 eoram

220 922 314 1006 signo
332 923 463 985 militari
483 919 605 982 eodem
619 915 735 990 modo,
761 931 796 977 ut
816 916 850 976 in
869 936 963 999 prae·
1019 919 1169 998 criteria,
1188 937 1222 985 et
1237 925 1381 1004 vitellii,
1403 930 1606 1020 aliorumque
1625 938 1767 1024 impar..

220 1038 331 1100 sente,
376 1021 552 1108 praelixas.
604 1017 692 1112 Quid
735 1015 824 1100 quod
864 1015 966 1098 ipsius
1021 1033 1133 1086 torum
1148 1024 1246 1088 aetati
1260 1045 1332 1089 non.
1344 1049 1542 1117 repugnant,
1629 1081 1634 1090 ‚

220 1126 373 1201 Cluniae,
402 1123 519 1208 quain
545 1118 627 1183 urbe
653 1117 788 1180 Galbam
811 1117 968 1180 acclama·

219 1241 290 1288 tum
317 1226 417 1287 fuisse
443 1225 678 1306 imperatorem
704 1218 860 1296 diximus,
888 1218 966 1279 insi·
1199 1206 1305 1273 Numi
1324 1218 1589 1284 restitutionum.

221 1347 287 1409 gne
310 1345 384 1388 esse
406 1345 556 1408 porcum,
579 1322 674 1404 hujus
694 1319 784 1383 urbis
806 1319 896 1384 numi
917 1319 966 1381 lu·
1086 1323 1131 1386 Hi
1152 1343 1369 1396 recensentur
1390 1334 1423 1397 in
1448 1349 1585 1403 tractatu
1607 1340 1768 1426 singulari

222 1427 353 1490 calente
377 1424 617 1497 demonstrant,
645 1423 680 1484 in
705 1421 821 1506 quibus
843 1420 876 1482 id
898 1420 964 1485 ani·
1022 1423 1064 1487 de
1089 1428 1195 1491 numia
1219 1429 1314 1514 hujus
1336 1436 1466 1516 classis,
1493 1459 1591 1524 quem
1614 1441 1767 1511 dedimus

221 1529 286 1590 mal
314 1529 347 1589 in
375 1547 488 1591 aversa
514 1539 569 1587 aut
596 1525 701 1586 solum
729 1535 841 1605 typum
868 1523 963 1599 facit,
1021 1525 1187 1592 volumine
1203 1531 1247 1597 V.

222 1643 275 1691 aut
299 1629 417 1691 saltem·
440 1627 540 1690 instar
564 1624 651 1708 signi
673 1623 777 1685 incusi
803 1624 963 1686 insertum
1225 1694 1227 1700 A

221 1744 281 1794 est.
309 1730 374 1792 Adi
392 1728 593 1789 Floreaium.
621 1724 674 1785 Ad
687 1725 777 1786 ,haee
797 1725 963 1797 norimus,
1149 1710 1250 1776 Numi
1271 1724 1445 1784 commatis
1460 1730 1644 1808 peregrini.

222 1853 317 1916 qnam
345 1850 443 1914 saepe
469 1825 624 1910 Hispania
651 1827 688 1888 in
709 1824 831 1888 Galbae
856 1824 962 1885 numia
1083 1828 1245 1912 Perpauci
1260 1833 1293 1895 id
1311 1851 1414 1919 genus
1432 1843 1521 1904 numi
1538 1860 1675 1928 propter
1690 1851 1766 1917 Gal·

221 1946 433 1997 memoretur.
477 1929 631 1991 Ceterum
663 1926 732 2008 ipsa
763 1926 872 1989 antica
896 1939 962 1988 tam
1019 1927 1081 1992 bae
1099 1929 1201 1998 breue
1218 1933 1393 2022 imperium
1406 1941 1512 2008 adhuc
1529 1949 1662 2031 cogniti,
1677 1965 1768 2018 sunt·

216 2054 282 2118 per
303 2032 521 2117 epigraphen,
549 2048 644 2112 quam
672 2040 782 2107 typum
808 2047 868 2088 nos
896 2047 964 2089 me·
1021 2051 1101 2115 quc:

219 2150 294 2213 net,
323 2135 384 2197 hos
402 2152 517 2194 numos
534 2128 593 2191 sub
611 2126 712 2189 Galba
737 2127 837 2189 fuisse
859 2127 964 2210 signa·
1084 2135 1284 2214 Papularum
1306 2140 1504 2211 liberorum:

219 2252 289 2313 tos,
317 2256 390 2298 nam
419 2234 453 2296 in
479 2231 578 2295 nullis
600 2229 733 2292 alterius
754 2227 885 2311 imperii
906 2250 964 2290 nu·
1086 2235 1441 2323 AntiochiaeSyriae:
1458 2246 1766 2325 EntMoma.

220 2339 281 2400 mis
304 2335 463 2399 Libertati
488 2334 581 2417 spica
601 2329 764 2392 tribuitur.
794 2330 887 2393 Hanc
909 2351 964 2395 vc·
1020 2328 1453 2412 NOT.ANT10xEliN.
1476 2349 1551 2416 ΕΤ.
1572 2353 1657 2420 ΖΙΡ.
1681 2364 1768 2441 (Mu-

219 2459 260 2501 ro
281 2460 302 2500 a
320 2438 424 2500 Galba
444 2436 625 2498 restitutam
648 2450 711 2514 ope
737 2432 863 2493 Illerris
888 2451 963 2495 cum
1020 2435 1123 2515 rolli.)
1141 2434 1183 2499 de
1199 2458 1263 2522 quc
1278 2462 1377 2506 numo
1394 2445 1434 2507 ad
1453 2453 1676 2521 stabiliendam
1695 2461 1768 2543 ejus

222 2540 367 2612 Vltoris,
394 2551 463 2598 tum
482 2536 678 2598 Adsertoris
699 2543 807 2614 partes
829 2552 962 2596 auersae
1020 2536 1111 2597 urbis
1135 2539 1294 2619 epocham
1321 2547 1442 2612 eximie
1468 2555 1577 2620 valido
1604 2559 1640 2622 in
1668 2562 1768 2645 bajus

220 2638 408 2720 loquuntur.
440 2636 550 2726 Quare
575 2633 685 2715 inique
709 2633 963 2714 Harercampus,
1021 2634 1111 2698 urbia
1130 2654 1259 2703 moneta
1277 2646 1414 2727 egimus.

221 2739 278 2800 ubi
304 2740 337 2798 in
362 2739 422 2799 bos
450 2732 597 2795 Morellii
624 2752 740 2793 numos
768 2746 964 2794 commenta·
1088 2739 1197 2818 Cypri.
1234 2743 1339 2823 Hujus
1360 2752 1450 2813 numi
1471 2755 1526 2816 alii
1555 2778 1628 2821 cum
1657 2764 1769 2844 capite

221 2851 293 2914 tur,
323 2858 380 2901 eos
402 2837 434 2896 in
457 2835 664 2907 lllrirorum,
698 2846 732 2894 et
752 2830 889 2915 Augusti
911 2852 965 2894 ae·
1021 2833 1143 2896 Galbae
1178 2836 1415 2909 inscribuntur:
1460 2852 1651 2920 KOINON.
1685 2857 1771 2923 ΚΤ.

221 2952 319 3001 tatem
344 2935 491 3000 retrahit.
525 2932 704 3016 Singularis
729 2946 780 2995 est
805 2933 901 2995 etiam
924 2933 962 3005 is,
1020 2928 1191 3002 ΠΡΙΩΝ.
1216 2935 1376 3010 GTOTC.
1399 2949 1440 3014 Α.
1473 2955 1764 3046 (vongum-eng)

223 3059 319 3124 quem
346 3051 518 3120 postremo
541 3034 616 3096 loco
644 3032 822 3117 descripsi,
851 3032 962 3117 etqui
1019 3033 1063 3095 At
1089 3032 1122 3093 iu
1149 3038 1214 3100 alic
1243 3042 1386 3125 Haymiia
1423 3052 1538 3132 (tres.
1559 3060 1641 3128 Brit.
1664 3066 1703 3126 Τ.
1723 3069 1768 3133 ll.

221 3141 283 3204 suit
317 3140 395 3202 olim
429 3138 462 3198 in
497 3124 611 3196 museo
641 3134 763 3197 abbatis
794 3134 962 3199 Rothelin.
1020 3156 1051 3218 p.
1082 3157 1126 3200 m.
1160 3143 1248 3222 245.)
1296 3145 1486 3218 KOl'NON.
1524 3157 1763 3234 ΚΤΠΡῙΩΝ.

222 3244 258 3304 Si
288 3240 379 3303 numi
410 3236 646 3322 praecedentes
678 3256 751 3297 cum
783 3236 961 3321 epigraphe
1022 3234 1183 3304 GTOTC'.
1200 3239 1238 3306 B.
1264 3246 1421 3313 Eruditus
1441 3257 1550 3322 editor
1568 3281 1640 3325 cum
1658 3287 1765 3330 annos-

220 3344 352 3406 Mans,
381 3337 621 3402 ADSEllTOR
650 3335 830 3418 imperante
860 3338 963 3402 Galba
1020 3336 1114 3402 binos
1134 3361 1333 3426 componere
1354 3372 1428 3414 cum
1450 3372 1578 3441 septem
1600 3368 1764 3431 mensium

220 3460 295 3508 sunt
311 3442 452 3527 signati,
465 3437 596 3500 dubium
615 3458 680 3499 non
700 3438 844 3514 ridetur,
866 3439 963 3501 etiam
1020 3440 1161 3523 imperio
1180 3448 1347 3530 nequiret,
1374 3452 1414 3515 a'd
1435 3475 1593 3544 concepta
1615 3486 1678 3548 pro
1701 3481 1765 3533 sta·
1899 3487 1904 3491 ’

220 3568 350 3609 numum
387 3540 576 3624 inscriptum
612 3539 858 3606 HERCVLES.
888 3542 964 3601 ΑΙ)-
1020 3541 1143 3607 bilitate
1176 3543 1306 3629 imperii
1337 3550 1458 3618 Galbae
1496 3574 1570 3625 vota
1605 3565 1762 3652 confugit.

221 3646 410 3710 SERTOR.
430 3664 502 3707 cum
519 3639 635 3703 iisdem
655 3639 853 3715 sociandum,
869 3660 963 3723 prae·
1019 3645 1093 3705 Non
1112 3635 1254 3709 ‘advertit
1274 3651 1414 3715 animum
1436 3656 1481 3719 ad
1501 3681 1616 3727 numos
1637 3665 1761 3733 Galbae

220 3749 316 3831 cipue
335 3764 406 3808 cum
425 3745 494 3826 ejus
510 3741 578 3824 typi
595 3742 794 3822 praeclaram
811 3740 963 3824 suppedi·
1018 3744 1274 3826 Alexandrinos,
1299 3773 1437 3834 quorum
1454 3758 1509 3820 alii
1525 3764 1569 3838 A,
1591 3765 1687 3829 aliiB
1707 3792 1762 3854 ps·

218 3847 621 3926 tantillorumtemporurn
631 3843 831 3925 allegoriam.
843 3840 963 3935 Quem·
1019 3843 1102 3906 riter
1123 3845 1283 3930 offerunt,
1312 3854 1372 3922 sed
1394 3859 1486 3943 cujus
1507 3865 1686 3949 explicatus
1706 3891 1763 3936 ru.

219 3948 394 4024 admodum
431 3946 518 4008 enim
547 3942 781 4007 Herculesex
807 3945 962 4028 Hispania
1021 3946 1137 4028 gnitus.
1211 4012 1213 4015 ,

218 4050 324 4114 redux
353 4047 463 4111 occiso
486 4047 572 4111 Caco
596 4047 723 4107 latrone
747 4059 873 4128 septem
897 4046 964 4109 col·
1087 4053 1298 4117 Coloniarum
1321 4060 1411 4122 numi
1434 4062 1469 4126 bi
1490 4088 1620 4154 qnoque
1642 4092 1684 4136 ex
1707 4093 1761 4139 aa·

218 4155 269 4216 les
293 4152 327 4213 in
348 4150 533 4213 libertatem
556 4144 716 4236 adseruit,
740 4145 789 4209 sic
808 4160 841 4207 et
858 4146 961 4210 Galba
1019 4151 1094 4215 dem
1117 4173 1211 4218 carn
1233 4154 1310 4220 rari.
1340 4161 1508 4232 Habemus
1525 4171 1671 4251 Babbae,
1697 4175 1760 4242 Cu·

219 4274 260 4316 ex
281 4251 396 4315 eadem
410 4248 567 4334 Hispania
584 4264 739 4312 reversus
753 4243 883 4329 dejecto
897 4249 962 4310 Ne·
1018 4253 1135 4332 rintbi,
1156 4257 1335 4320 Patrarum.

216 4373 300 4416 rone
316 4356 453 4416 Romam
471 4350 586 4413 iisdem
604 4359 732 4429 septem
748 4346 888 4410 collibus
902 4349 962 4410 ina·
1081 4358 1317 4426 Alexandrina·
1335 4362 1439 4427 minua
1456 4367 1533 4433 mi,

217 4455 356 4537 positam
373 4453 539 4529 liberarit,
563 4448 758 4533 effecitque,
789 4461 824 4510 ut
836 4450 961 4532 florere

217 4557 367 4618 Fortuna
388 4558 423 4616 Ρ.
441 4557 481 4616 li.
502 4555 622 4616 iterum
639 4553 811 4637 inciperet.
1197 4542 1377 4611 Nomina
1412 4549 1586 4618 Galbae.

284 4654 385 4716 Forte
404 4652 489 4720 inter
504 4674 619 4719 numos
636 4654 728 4733 illos,
747 4671 827 4739 quos
844 4626 961 4717 eodum
1081 4655 1219 4725 Praeter
1241 4661 1307 4747 jam
1331 4669 1461 4752 cognita
1485 4671 1596 4740 Seruii
1619 4651 1764 4766 Sulpicii

1431 4772 1458 4833 P
1480 4796 1501 4858 p
1524 4793 1543 4838 a
