3998 5340
873 459 1126 539 SABINA,
1368 458 1371 465 '
1694 481 1762 547 521

360 626 528 692 ΙΟΤΛΙΑ
551 623 820 691 ΒΑΣΙΛΙΣΣΑ
1018 627 1117 689 Alius
1136 625 1311 693 humiliora
1344 624 1461 690 frontis
1490 642 1605 691 ornatu
1637 631 1765 714 capillis

256 728 349 791 OTE
369 723 599 790 ΗΚΟΤΣΕΝ
620 726 924 793 ΙΟΥΛΙΕΩΝΟΣ
1020 728 1201 798 diedemate
1229 725 1368 811 quodem
1395 727 1572 803 revinctis,
1595 740 1629 792 et
1652 732 1687 792 in
1713 754 1766 808 oc·

299 830 330 889 O
350 822 611 890 ΣΕΒΑΣΤΟΣ
633 824 879 892 ΑΔΡΙΑΝΟΣ
1020 831 1117 912 cipite
1135 827 1304 892 innodnm
1325 828 1484 893 collectis.
1516 828 1657 896 Videtur
1679 851 1762 918 erge

219 929 307 1014 quod
328 928 446 992 deinde
464 929 511 992 sic
528 931 643 994 Latine
658 929 801 996 reddere
817 953 885 995 non
905 931 969 994 dn·
1020 930 1201 1014 imperante
1229 929 1395 993 Hadriano
1421 929 1560 994 mundus
1592 930 1763 998 muliebris

217 1031 346 1096 bitavit:
377 1030 468 1092 Iulia
491 1033 651 1113 Augusta
673 1037 803 1113 quando
831 1038 963 1097 audivit
1021 1031 1259 1114 magnaevicec
1276 1052 1406 1114 pessus,
1429 1031 1522 1094 noris
1545 1032 1765 1097 constitutine

218 1134 311 1195 Iulia
323 1152 423 1212 nepos
436 1133 609 1195 Adrianus
622 1138 809 1214 imperator,
828 1149 861 1197 et
874 1133 964 1196 dein·
1020 1133 1213 1195 feminarum
1238 1134 1392 1195 seniculo
1420 1132 1567 1215 legibus,
1608 1133 1667 1195 sed
1688 1155 1766 1218 ques

219 1232 261 1295 de
277 1231 451 1305 adserere,
473 1230 705 1296 isthucluiiae
721 1234 854 1298 nomine
869 1237 964 1299 intel·
1021 1233 1131 1317 paullo
1158 1246 1233 1316 post
1252 1246 1382 1299 evertet
1404 1234 1570 1305 recentius
1595 1235 1764 1299 Faustinae

221 1332 386 1416 ligendnm
401 1332 514 1394 lulium
534 1333 695 1398 Sabinum.
725 1338 770 1396 At
784 1357 844 1402 nos
861 1337 963 1419 magis
1022 1333 1206 1417 ingenium,

218 1434 335 1519 rigidi,
367 1448 463 1518 utque
488 1435 597 1498 severi
620 1455 685 1500 non
710 1436 856 1502 andimus
880 1441 969 1502 teeti·

214 1539 365 1598 monium
389 1556 491 1622 usque
519 1535 602 1600 edec
625 1552 836 1622 corruptum,
865 1555 900 1602 nt
921 1564 968 1604 sn-

220 1661 297 1700 num
328 1658 370 1701 ex
399 1639 459 1701 illo
489 1659 620 1700 sensnm
650 1662 795 1726 nequens
831 1644 966 1706 elicere.

202 1744 401 1804 -Enimreru
422 1741 511 1802 inter
538 1739 687 1821 ejusdem
714 1744 898 1807 Memnonis
919 1744 975 1805 in·
1090 1739 1156 1807 vixi
1173 1737 1387 1805 memorabile
1415 1737 1493 1822 quid
1513 1736 1657 1802 afferunt
1678 1740 1767 1803 Sabi·

219 1841 415 1926 scriptiones
431 1841 535 1902 semel
552 1854 652 1924 atque
664 1842 784 1907 iterum
800 1847 972 1929 Augustae·
1023 1859 1083 1910 nee
1103 1840 1209 1905 nunt
1245 1839 1447 1922 Argumenta
1465 1853 1643 1924 perpetue:
1666 1841 1769 1906 CON-

218 1941 400 2008 ncstrnelit
417 1943 556 2019 mentio,
573 1942 633 2006 sed
649 1960 817 2030 quactum
834 1968 973 2033 semper
1023 1941 1201 2008 001th
1247 1941 1602 2016 AVG.-.1VNON1.
1652 1942 1774 2005 REGI·

219 2045 340 2110 Sabinu
361 2057 503 2123 tantum,
530 2065 694 2129 nunquam
717 2048 803 2112 lulio
821 2063 973 2114 vocetur..
1019 2043 1124 2113 ΝΑΕ.
1147 2078 1196 2092 --
1211 2043 1384 2108 ῬΙΕΤΑ8“.
1406 2076 1453 2108 -v
1468 2043 1705 2119 PVDlCl'l'lA.
1726 2079 1779 2104 -·

219 2148 375 2211 Sabinam
400 2167 481 2229 ergo
508 2147 623 2209 lulium
653 2163 806 2232 agnoscat
830 2152 874 2228 is,
914 2153 967 2216 cui
1024 2144 1182 2214 VESTA-
1202 2158 1265 2208 01⁰·
1311 2143 1492 2220 0b⁸i³rvnrl
1514 2143 1619 2228 §iilum
1640 2165 1793 2222 meren&
1846 2223 1851 2230 ,

220 2249 371 2313 Goltzius
382 2261 496 2311 auctor
507 2246 572 2310 lide
590 2248 706 2332 dignun
720 2251 897 2338 ridebitur,
912 2255 967 2337 qui
1027 2258 1081 2306 tur
1099 2246 1192 2328 pauci
1211 2258 1403 2329 sequentes:

220 2351 254 2410 in
273 2351 444 2413 Thcenuro
476 2371 536 2412 eun
558 2371 691 2414 numum
710 2351 873 2415 Graecum
892 2376 974 2438 pre-r
1117 2375 1121 2393 ·
1170 2352 1216 2410 Vs
1230 2352 1286 2412 lis.
1298 2349 1339 2410 B.
1365 2376 1367 2381 v

222 2451 294 2513 tulit
313 2473 388 2516 cnm
410 2451 596 2514 numinibus
613 2453 713 2517 Iuliae
732 2454 882 2522 Snbinne.
1023 2449 1059 2512 ,8.
1084 2447 1120 2512 C·
1151 2450 1248 2516 Ceres
1275 2452 1390 2512 sedens
1411 2448 1444 2508 d·
1462 2448 1590 2529 spicas,
1612 2473 1637 2511 s.
1646 2451 1780 2531 facem,

1024 2549 1094 2612 ΑΕ.
1112 2550 1158 2612 11,
1168 2552 1266 2628 tuus.
1289 2549 1399 2628 Caes.)

408 2638 557 2698 Partes
600 2655 620 2694 ⁰
631 2648 674 2695 Μ
682 2638 783 2699 ἱθᾶθ·
1091 2651 1183 2711 Hunc
1200 2655 1314 2732 capitis
1327 2646 1530 2728 epigraphen
1544 2650 1577 2708 in
1595 2651 1686 2714 nullu
1700 2652 1775 2715 hnc·

222 2757 260 2817 A.
367 2751 535 2818 SABINA.
571 2749 789 2820 AVGVSTA.
820 2759 858 2817 in
881 2761 971 2819 antei
1027 2761 1122 2808 tenus
1140 2747 1277 2812 Sabinae
1304 2772 1403 2814 numo
1428 2750 1543 2815 videre
1565 2750 1644 2812 mihi
1670 2754 1775 2813 cunti-

368 2855 517 2918 metallo.
1028 2847 1091 2930 git,
1122 2849 1289 2934 intelligo,
1324 2853 1480 2916 omissum
1502 2853 1592 2934 juxte
1617 2851 1774 2916 Hadriani

221 2961 261 3026 Β.
364 2957 531 3020 SABINA.
551 2953 769 3022 AVGVSTA.
789 2957 878 3018 IMP.
894 2957 971 3016 HA·
1027 2970 1147 3014 noman
1167 2958 1278 3035 patris
1291 2959 1425 3038 patriae
1442 2953 1548 3019 titulo.
1571 2956 1622 3016 Ex
1641 2976 1703 3038 qun
1719 2974 1776 3039 pe·

363 3061 525 3125 DRIANI.
550 3061 652 3128 AVG.
675 3059 855 3141 epigraphe
870 3063 971 3121 raris·
1027 3055 1136 3119 risteei
1160 3056 1313 3138 angurari
1336 3055 1456 3134 licent,
1475 3055 1642 3139 eliquanto
1658 3058 1775 3123 saltent

364 3169 451 3226 sima
466 3169 502 3226 ia
516 3165 593 3225 ΑΕ.
611 3161 655 3223 ΙΙ.
674 3163 779 3222 musei
805 3162 970 3226 Caesarei.
1029 3156 1184 3220 maturius
1204 3156 1355 3221 Sebinnus
1368 3164 1565 3242 Augustae,
1594 3180 1689 3243 quarn
1710 3160 1776 3224 He·

369 3267 511 3328 Causam
537 3265 689 3326 dabimus
712 3267 749 3323 in
766 3281 864 3323 murno
882 3261 910 3325 1.
928 3281 972 3324 ex
1029 3260 1176 3324 drisnum
1189 3264 1300 3341 patris
1312 3266 1448 3343 patriae
1471 3261 1601 3338 titulum
1624 3259 1778 3335 obmulu-

366 3366 589 3446 sepuentibus.
1029 3384 1082 3440 ee,
1105 3363 1166 3427 etsi
1181 3377 1355 3445 utrumqne
1376 3362 1494 3426 ecdem
1515 3383 1600 3426 nnnc
1617 3364 1778 3431 accidisse

212 3507 214 3514 ·
252 3512 260 3529 .
366 3466 534 3531 SABINA.
555 3463 973 3531 AVGVSTA.HADR1A·
1029 3467 1270 3549 permittnmus,
1292 3478 1439 3548 utsupra
1457 3462 1592 3531 dictum.

366 3571 424 3631 Nl.
450 3566 552 3637 AVG.
567 3568 605 3628 P.
623 3567 662 3630 P.
687 3569 831 3630 inomni
857 3568 973 3628 metal-
1093 3568 1269 3630 Mulierem
1291 3568 1397 3650 pertin
1413 3587 1546 3641 nrcrsno
1562 3566 1696 3631 Cereris
1709 3567 1777 3661 ritu

369 3674 423 3749 io,
445 3685 478 3734 et
486 3676 617 3754 forma.
1030 3669 1201 3734 sedentem
1217 3690 1290 3733 esse
1310 3671 1412 3754 ipsnm
1439 3667 1607 3745 Sebinnm,
1640 3668 1776 3732 dubium

291 3772 413 3854 Cupitis
435 3773 468 3833 in
496 3771 614 3836 Sabinu
638 3769 760 3853 duplex
778 3782 828 3833 est
858 3767 973 3845 cultus,
1030 3787 1179 3848 nonest,
1202 3794 1277 3837 cunr
1295 3772 1496 3856 peullcpcnt
1516 3771 1587 3854 ejus
1604 3771 1705 3854 ipsius
1726 3791 1778 3837 ce·

210 3870 309 3934 ·nliue
332 3873 409 3938 inde
431 3874 548 3938 nlulie
574 3873 641 3934 Titi
663 3872 730 3936 lilin
757 3873 791 3934 in
815 3873 976 3956 Angusto-
1032 3889 1092 3956 put
1107 3875 1206 3959 spicis
1226 3889 1418 3938 coronatum
1440 3872 1540 3949 simil!
1555 3872 1669 3939 visuri.
1712 3873 1780 3937 llo·

229 3991 302 4034 rum
326 3975 433 4038 nnmis
461 3978 673 4061 conspicuus,
700 3975 853 4038 nimirum
878 3996 976 4057 quem
1033 3997 1204 4039 muncrum
1226 3978 1411 4061 exemplum
1434 3973 1539 4039 secuti
1561 3972 1683 4041 Graeci
1705 3995 1777 4053 enni

210 4072 386 4137 -describit
409 4097 548 4142 coaevus
567 4079 728 4145 luvenalis
745 4083 789 4160 ·):
1033 4078 1068 4139 in
1090 4100 1257 4143 memnone
1277 4080 1397 4144 dixere
1415 4071 1569 4152 Messes
1587 4080 1776 4152 βρσιλισσαι

300 4179 360 4240 Tot
394 4184 516 4260 premit
555 4185 745 4259 ordinibus,
781 4195 831 4244 tot
868 4180 977 4243 adbuc
1033 4173 1178 4259 Σεβαςηι
1189 4204 1254 4246 ssa»
1269 4181 1419 4266 Δημητρα
1433 4177 1650 4261 berengerum
1659 4172 1777 4257 Abase-

569 4286 780 4366 compagibus
795 4286 900 4345 altum
1031 4308 1061 4345 su
1079 4307 1226 4369 ipsiusne,
1245 4285 1403 4349 Sabinum
1421 4285 1571 4365 reginam
1585 4283 1779 4363 Augustam

334 4381 507 4467 Aedificat
526 4397 636 4464 eaput:
1031 4405 1149 4448 nouam
1182 4388 1331 4450 Cererem
1366 4377 1581 4466 imperatoris
1610 4384 1779 4451 Hadriani

1206 1575 1363 1634 Partes
1406 1590 1595 1635 auersae.

267 4682 298 4750 s)
317 4680 435 4740 sntvl.
451 4693 513 4746 501.

272 4789 364 4868 (Vol.
385 4794 459 4867 Vl.)
