3998 5340
694 470 1024 550 avcvsrvs.
1435 496 1440 506 ·
1583 502 1631 582 n

82 660 232 728 quoqne,
253 632 360 725 quoad
373 638 533 703 Antonius
548 637 649 717 vixit,
670 662 747 704 usus
759 654 823 707 est.
879 641 962 703 tonii
996 640 1093 704 amici
1126 643 1207 708 urbe
1243 645 1426 727 excedunt,
1462 631 1625 717 Antonius

79 743 186 806 Aliam
208 742 293 807 riam
316 741 420 805 tenuit
442 741 623 818 Antonius,
644 741 701 825 qui
718 741 838 806 adhuc¹
881 740 1050 808 Octaviam
1067 743 1229 826 repudiat,
1245 749 1398 835 utrinque
1412 752 1626 820 bellumaom.

80 844 301 912 inconsutam
319 864 379 906 suo
397 845 452 903 lll.
476 864 535 905 seu
552 843 596 909 V.
613 842 649 907 C.
667 842 729 925 723
750 862 824 907 sese
880 841 915 903 ni
933 843 965 907 ni
985 856 1167 926 apparatur.
1260 913 1270 933 ⁴.

79 944 113 1007 in
138 947 245 1008 numis
272 944 417 1028 appellet
439 944 618 1011 lllVlRum
642 945 682 1008 lt.
704 945 742 1010 P.
765 945 822 1021 C.,
942 944 983 1010 V.
994 946 1031 1008 C.
1042 945 1105 1026 723
1119 943 1270 1012 axes.
1292 949 1415 1012 Caesar
1426 952 1548 1017 consul
1559 957 1626 1023 III.

80 1046 140 1114 aed
168 1047 223 1110 hic
257 1066 300 1110 eo
326 1066 457 1107 rursum
481 1066 500 1107 a
525 1045 665 1107 Caesare
691 1043 821 1123 differt,
878 1044 1030 1129 procedit
1053 1047 1191 1128 conlega
1215 1048 1249 1108 in
1276 1050 1410 1134 Antonii
1435 1052 1546 1117 locun
1572 1058 1625 1118 M.

77 1146 166 1233 qnod
195 1167 361 1230 nunquam
383 1167 457 1210 sese
487 1145 520 1206 in
544 1159 676 1209 moneta
699 1146 822 1228 apellet
881 1149 1017 1212 Valerio
1034 1147 1192 1212 Messala.
1209 1150 1266 1216 IV.
1284 1171 1350 1213 non
1365 1152 1456 1238 Sept.
1465 1158 1629 1222 Antonia,

77 1251 256 1315 ulvfflum
273 1251 444 1326 ITERum,
458 1268 522 1333 quo
536 1248 632 1313 titulo
648 1249 821 1312 Caesarem
879 1261 913 1311 et
936 1248 1111 1332 Cleopatra
1136 1249 1241 1314 navali
1270 1253 1396 1334 praelio
1424 1255 1466 1317 ad
1496 1259 1628 1321 Actium

79 1372 172 1413 usum
193 1350 342 1414 vidimus.
783 1338 787 1373 ’
877 1349 1095 1412 debellantur.
1126 1352 1177 1411 Ex
1200 1351 1259 1415 lrac
1282 1355 1417 1417 victoria
1443 1357 1548 1421 dietus
1570 1361 1628 1422 ian·

342 1479 362 1516 4
445 1434 464 1469 ⁴
548 1478 569 1517 o
878 1464 1013 1534 perator
1031 1454 1105 1528 Vt,
1125 1467 1162 1535 ut
1178 1453 1388 1535 probabimus
1407 1457 1497 1521 alibi.

142 1555 183 1618 V.
201 1555 237 1617 C.
261 1575 324 1636 7¹9
348 1554 387 1615 A.
409 1553 450 1617 X.
476 1550 527 1617 35.
558 1553 598 1615 L.
621 1551 822 1637 Cornuflcio,
942 1553 983 1620 V.
1002 1553 1038 1617 C.
1052 1562 1116 1627 724
1137 1555 1176 1620 A.
1192 1556 1232 1618 X.
1251 1556 1302 1620 3ο.
1329 1560 1454 1620 Consul
1469 1562 1532 1625 IV.
1552 1584 1628 1626 con-

82 1656 158 1719 Sex.
176 1657 329 1734 Pompeio
351 1655 428 1719 Sea.
445 1655 480 1717 F.
499 1675 566 1719 cos.
588 1652 665 1720 Sex.
682 1656 825 1739 Pompe·
880 1653 957 1737 lega
987 1655 1037 1717 M.
1061 1655 1195 1716 Licinio
1226 1657 1343 1720 Crasso
1375 1658 1409 1720 in
1438 1661 1624 1747 Aegyptum
1738 1715 1741 1720 1

80 1757 131 1838 jus
149 1757 182 1817 in
201 1756 277 1818 Asia
294 1755 421 1819 minore
439 1759 484 1820 Μ.
498 1754 631 1818 Antonii
654 1756 744 1839 jussu
769 1776 825 1820 eo·
881 1774 959 1818 cum
979 1754 1126 1818 exercitu
1148 1756 1294 1840 appellit.
1329 1757 1465 1844 Capitur*
1485 1765 1626 1828 Alexan·

80 1858 207 1922 ciditur.
224 1857 385 1921 Antonius
395 1857 564 1921 Octaviam
577 1875 714 1921 uxorem
722 1857 825 1922 Athe·
881 1855 952 1919 dria
967 1854 1037 1920 Ital.
1051 1855 1166 1921 Sextss.
1182 1862 1210 1940 ¹)
1232 1860 1278 1924 ld.
1294 1860 1467 1941 Antonius,
1483 1878 1517 1927 et
1532 1866 1627 1930 Cleo·

79 1959 130 2023 nis
152 1962 290 2023 Romam
313 1959 437 2024 reverti
461 1958 569 2041 jubet,
595 1957 666 2043 ipse
687 1961 825 2047 Cleopa·
880 1972 972 2044 patra
993 1958 1117 2021 deserti
1138 1959 1261 2035 nauis,
1279 1961 1380 2026 rebus
1402 1966 1551 2029 omnibus
1573 1968 1629 2031 de·

77 2078 147 2126 tras
167 2061 331 2126 amoribus
347 2074 449 2126 vacat.
881 2060 1019 2142 speratis
1032 2079 1116 2123 nece
1130 2061 1310 2126 voluntaria
1325 2066 1529 2131 occumbunt.
1546 2070 1627 2133 Cae·

140 2165 180 2230 V.
197 2166 234 2229 C.
253 2182 318 2245 7²⁰
339 2165 381 2225 A.
397 2164 438 2229 Χ.
456 2164 509 2240 34.
531 2161 585 2226 Μ.
603 2163 755 2226 Antonio
773 2161 824 2230 11.
880 2184 934 2225 sar
946 2164 1132 2246 Aegyptum
1145 2161 1345 2227 tributariam
1359 2166 1436 2232 iacit
1449 2172 1624 2235 constituto

76 2266 119 2331 L.
139 2265 311 2330 Scribonio
329 2265 457 2328 mona
474 2286 542 2331 cos.
565 2264 678 2330 Varias
696 2265 730 2327 in
748 2285 825 2349 pro·
880 2263 1033 2347 praeside
1057 2263 1116 2329 Cn.
1137 2265 1293 2329 Cornelio
1310 2267 1406 2332 Gallo
1428 2271 1538 2356 equite
1557 2251 1641 2339 Ro>

76 2365 191 2431 vinciis
215 2365 394 2429 seditiones
419 2365 605 2449 comprimit
625 2367 762 2444 Caesar,
787 2379 824 2430 et
879 2365 1360 2452 man0.111virstum.ponitb).

77 2466 202 2530 bellum
218 2468 252 2529 in
270 2469 447 2544 Dalmatas,
469 2467 616 2552 aliosque
634 2481 736 2550 parat.
942 2469 986 2535 V.
1005 2469 1042 2532 C.
1060 2471 1125 2549 7²5
1148 2469 1187 2528 A.
1208 2469 1249 2534 X.
1270 2487 1322 2554 aa).
1355 2474 1481 2537 Consul
1504 2477 1545 2541 V.
1568 2476 1627 2538 im·

140 2569 182 2636 V.
200 2570 313 2651 0721
339 2571 379 2635 A.
398 2571 439 2634 X.
458 2571 510 2636 33.
539 2569 661 2633 Consul
686 2572 726 2631 11.
747 2589 824 2632 con·
878 2579 1013 2651 perator
1031 2569 1104 2635 Vll.
1127 2569 1266 2651 conlega
1288 2572 1356 2634 Sex
1374 2574 1543 2656 Appuleio
1560 2579 1626 2641 Ro·

78 2671 155 2753 lega
183 2673 223 2736 L.
249 2673 405 2734 Volcatio
439 2672 535 2735 Tullo
565 2669 734 2755 procedit,
763 2669 824 2733 sed
878 2689 965 2729 marn
996 2667 1101 2730 redux
1133 2670 1288 2734 continuo
1319 2672 1428 2737 triduo
1459 2687 1527 2739 tres
1557 2678 1625 2762 agit
1755 2698 1760 2708 ·

78 2772 198 2835 eodem
219 2772 272 2835 die
290 2772 416 2836 abdicat
439 2772 578 2835 suffecto
595 2774 634 2837 P.
649 2773 823 2837 Autronio.
880 2769 1080 2852 triumphos,
1097 2769 1329 2858 Dalmaticum,
1349 2775 1532 2852 Actiacam,
1548 2780 1626 2842 Ale·

78 2875 212 2936 Bellum
229 2895 304 2937 cum
318 2874 475 2936 Dalmatis
496 2872 598 2956 gerit,
623 2872 727 2956 iisque
750 2861 826 2935 sub-
880 2870 1075 2933 xandrinum
1103 2870 1224 2934 mensis
1250 2872 1383 2936 Sextilis
1409 2875 1463 2938 die
1485 2877 1572 2945 XIV.
1595 2881 1626 2960 ο)

77 2976 158 3038 actis
183 2997 297 3059 pacem
320 2975 408 3039 fucit.
438 2971 673 3037 Mauretaniam
693 2986 824 3036 mortus
881 2973 974 3054 cujus
994 2992 1088 3034 cansa
1108 2970 1163 3033 hic
1182 2972 1302 3034 mensis
1319 2971 1423 3036 serius
1440 2973 1545 3040 dictus
1565 2976 1629 3041 luit

77 3077 212 3140 Boccho
228 3098 309 3161 rege
323 3076 356 3136 in
373 3074 573 3159 provinciam
590 3072 723 3158 redigit.
743 3075 824 3139 Cae·
880 3072 1046 3156 Augustus
1068 3071 1112 3154 d).
1141 3073 1210 3136 Iani
1230 3073 1387 3158 templum
1403 3075 1565 3141 clauditur
1585 3081 1627 3162 e).

76 3179 158 3241 saris
175 3194 208 3242 et
224 3178 358 3242 Antonii
373 3177 552 3240 simultates
569 3176 722 3261 gliscunt.
879 3174 1070 3238 Honoribus
1088 3175 1237 3238 omnibus
1252 3175 1420 3259 privatim,
1440 3193 1473 3242 et
1491 3179 1625 3263 publice

138 3283 179 3347 V.
202 3283 237 3348 C.
261 3298 323 3363 7aa
358 3280 398 3344 A.
420 3281 460 3340 X.
489 3278 540 3342 32.
582 3279 641 3342 Co.
666 3280 820 3341 Domitio
878 3291 1053 3354 mactatur,
1097 3276 1269 3361 dictusque
1309 3281 1490 3360 imperator
1529 3283 1626 3347 titulo

74 3383 313 3457 Ahenobarbo,
334 3382 369 3445 0.
384 3381 481 3443 Sosio
495 3403 561 3463 cos.
583 3380 620 3445 C.
635 3380 730 3443 Sosio
744 3399 821 3442 con·
877 3379 995 3443 summi
1010 3378 1141 3462 imperii
1158 3380 1276 3443 indice.
1297 3381 1400 3461 <vida
1417 3382 1501 3446 inlra
1515 3384 1556 3447 ad
1568 3407 1627 3449 nu-

72 3484 144 3548 sule
169 3485 260 3567 gravi
286 3484 434 3548 oratione
458 3483 492 3543 iu
513 3481 683 3546 absentem
706 3484 828 3546 Caesa·
877 3491 950 3544 mos
963 3482 1054 3547 lttP.
1068 3481 1267 3560 CAESAR.)
1284 3483 1443 3547 Moesiam
1457 3504 1518 3567 per
1533 3487 1627 3550 Cras·

72 3605 144 3646 rem
162 3585 292 3650 invecto
313 3586 370 3648 hic
385 3585 491 3648 redux
509 3586 555 3646 ld.
571 3585 704 3647 Antonii
722 3597 818 3647 testa·
876 3604 948 3645 anm
963 3582 1101 3667 subigit,
1125 3596 1160 3646 ct
1175 3582 1251 3646 hinc
1269 3581 1476 3670 imperatoris
1492 3585 1624 3650 titulum

72 3701 216 3749 mentum
233 3685 319 3770 apud
335 3685 487 3756 Vestales
504 3696 675 3767 repertum
693 3684 816 3768 populo
875 3684 973 3747 itcrat
994 3682 1033 3765 s).
1663 3753 1667 3765 Ι

71 3789 205 3865 recitat,
234 3789 267 3854 ri
291 3789 384 3872 cujus
407 3787 602 3868 Cleopatrae
623 3787 721 3850 liberi
741 3806 817 3869 pro·
938 3785 980 3850 V.
994 3785 1031 3847 C.
1046 3785 1123 3869 7ab.
1140 3785 1180 3853 A.
1195 3785 1298 3852 hd.
1323 3785 1450 3851 Consul
1461 3789 1522 3854 VI.
1545 3809 1622 3853 con·

71 3892 250 3955 vinciarum
263 3893 304 3956 R.
319 3887 463 3952 heredes
478 3886 700 3971 designantur.
723 3889 816 3971 Ergo
875 3886 952 3967 lego
983 3885 1034 3948 M.
1062 3886 1219 3970 Agrippa
1246 3888 1294 3955 ΙΙ.
1334 3882 1491 3954 Lustr‘am
1526 3888 1621 3968 facit,

72 3992 216 4055 Antonio
231 3992 419 4056 consulatus
439 3988 606 4050 mannum
624 4002 816 4074 sequentem
873 3985 1031 4072 plurimas
1046 3986 1140 4071 leges
1155 3988 1301 4071 perfert,
1326 3989 1443 4056 urbem
1467 3990 1624 4058 aediliciis

73 4095 266 4179 abrogatur,
292 4094 488 4177 Cleopatrae
508 4088 633 4153 bellum
654 4089 822 4155 indicitur.
883 4100 994 4167 ornat,
1014 4082 1084 4154 vias
1098 4089 1212 4156 munit.

74 4197 133 4262 Cn.
149 4195 328 4274 Domitius,
351 4209 386 4259 et
403 4194 442 4256 C.
458 4191 571 4256 Sosius
589 4193 743 4257 consules
757 4193 824 4254 An·

113 4529 145 4594 a)
165 4526 284 4584 Orosius
300 4526 332 4582 1..
342 4523 392 4586 VI.
413 4536 501 4596 c.t9.
530 4524 657 4582 Kalend.
678 4544 779 4583 marm.
802 4526 920 4588 Annas.
1019 4525 1057 4597 b)
1075 4521 1171 4578 Tacit.
1187 4520 1263 4580 Ann-
1279 4519 1315 4575 Ι..
1325 4517 1349 4575 Ι.
1365 4531 1432 4578 Μ.
1533 4524 1565 4594 c)
1582 4523 1639 4578 Ku-

71 4615 300 4761 plepndcrpinslpsssr.
401 4610 439 4682 d)
460 4614 605 4674 ttacrob.
618 4611 676 4674 sar.
687 4616 709 4674 1.
726 4637 751 4675 c.
763 4629 806 4677 12.
920 4621 950 4694 a)
969 4618 1189 4678 Sucronem.
1288 4605 1420 4677 ovida
1436 4605 1647 4668 subtraant
