4012 5370
214 488 263 559 ,0
791 464 840 537 n.
874 461 1194 539 anromvs,

221 634 304 726 erg'o
325 644 504 724 prospere,
532 649 627 701 utet
647 636 711 699 hoc
733 634 966 720 perstringam,

221 744 343 809 eodem
365 744 441 806 loco
464 740 567 804 edixit
584 738 795 817 Vaillantius,
820 761 838 801 a
859 740 968 803 .Sene·

222 857 261 909 ea
281 844 385 909 citatis
408 865 507 927 supra
531 842 662 907 verbisa
697 843 810 903 Marci
828 843 969 903 ›nunici-

218 969 293 1030 pem
317 950 426 1024 eides,
461 966 527 1009 non
553 942 695 1026 intelligi
719 944 766 1005 tl.
790 940 968 1004 Antonium

221 1048 395 1124 Illvirum,
419 1046 477 1109 sed
495 1050 542 1111 M.
560 1044 694 1107 Antonii
711 1058 855 1126 patrem,
879 1061 973 1126 prae·

219 1165 351 1215 ‹tensum
376 1151 503 1213 scilicet
530 1146 656 1210 Manilii
682 1158 971 1228 proquaestorem,

222 1252 312 1337 qnod
329 1273 405 1314 eum
423 1272 463 1314 ea
478 1260 671 1332 tempestate
690 1246 791 1308 fuisse
811 1247 846 1306 in
865 1245 971 1310 Gallia

223 1354 314 1416 nulla
340 1365 430 1416 certa
451 1350 517 1414 fide
540 1362 677 1413 constat.
713 1347 766 1410 Ad
790 1349 873 1411 baec
896 1368 971 1411 cum

226 1455 353 1517 Seneca
378 1453 450 1515 solo
473 1451 686 1535 praenomine
705 1452 819 1512 allarci
844 1462 971 1524 utatur,

223 1575 362 1620 necesse
378 1567 444 1630 est,
472 1573 514 1616 eo
537 1552 680 1636 intelligi
699 1552 807 1619 virum
829 1550 973 1636 aliquem

225 1677 267 1721 ex
302 1654 527 1719 illustrissimis
561 1675 683 1735 unum,
722 1674 817 1739 qnam
841 1650 972 1715 laudem

226 1758 336 1821 multis
363 1779 441 1821 rane
457 1755 560 1820 causis
579 1755 720 1819 emeruit
738 1754 900 1818 Antonius
916 1757 974 1815 lll-

225 1860 296 1936 vir,
327 1873 358 1922 at
375 1861 519 1923 omnium
535 1857 669 1920 minime
684 1857 846 1919 Antonius
863 1868 972 1939 pater,

225 1984 326 2047 quem
351 1962 566 2036 dissolutum,
594 1958 787 2043 prodigum,
821 1958 973 2042 ignavum

227 2063 406 2145 scriptores
453 2059 664 2145 perhibuere.
708 2059 834 2123 Eodem
875 2060 974 2122 modo

228 2165 326 2228 etiam
345 2167 391 2228 Μ.
410 2161 581 2224 Aurelium
595 2162 777 2243 Augustum
794 2164 974 2245 scriptores

229 2286 328 2348 saepe
341 2262 659 2325 unoldareinomine
670 2262 868 2329 indicavere.
886 2262 975 2346 Ope·

228 2386 284 2429 rae
305 2365 447 2447 pretium
470 2362 579 2446 potavi
600 2363 676 2426 huic
691 2364 872 2428 sententiae
888 2365 978 2428 resu-

229 2467 345 2531 landae
357 2465 476 2528 diutius
490 2464 672 2542 immorari,
686 2467 774 2549 qnod
787 2489 858 2530 eam
872 2467 912 2530 ab
929 2466 976 2548 ip·

229 2589 266 2631 so
293 2567 390 2631 etiam
405 2569 632 2648 Harercampo
651 2567 833 2631 liberaliter
856 2568 976 2631 collau·

227 2671 365 2747 datam,
394 2687 609 2750 erroremque
640 2669 724 2731 adeo
753 2669 849 2752 hujus
878 2667 976 2731 etiam

228 2771 421 2835 auctoritate
437 2783 650 2851 propagatum
665 2768 775 2835 rideo.

292 2871 472 2956 Prolligata
491 2871 555 2933 hae
576 2873 736 2935 sententia
759 2871 861 2934 nolim
884 2894 902 2934 a
922 2891 975 2934 me

227 2974 303 3059 quir
334 2974 499 3057 requirat,
538 2987 572 3035 ut
603 2976 777 3037 certiorem
812 2974 906 3036 aliam
934 2971 977 3035 de

225 3098 326 3140 causa
343 3076 534 3139 constitutae
553 3096 649 3138 aerae
664 3076 825 3149 adseram,
850 3073 978 3159 quando

229 3176 329 3258 liujus
368 3175 486 3235 indolis
520 3176 643 3237 nullam
680 3176 886 3257 suppeditant
925 3195 980 3239 re·

231 3290 341 3338 terum
365 3288 583 3338 monumenta.
628 3275 765 3366 Quidni
787 3277 826 3339 A.
847 3276 917 3337 XL.
935 3310 979 3325 -

235 3380 274 3443 Δ.
293 3378 376 3437 XLI.
397 3374 483 3438 aliud
502 3388 628 3451 essent,
657 3396 752 3458 quam
773 3374 861 3458 quod
878 3378 978 3460 vulgo

235 3478 418 3553 credimus,
437 3476 582 3559 epochae
597 3477 850 3561 argumentum?
869 3480 981 3541 Enim·

232 3604 316 3646 vero
340 3582 458 3643 mirum
483 3578 649 3658 rideatur,
679 3578 895 3663 Lugdunum,
924 3602 982 3665 op-

234 3686 365 3768 pidum,
396 3696 567 3766 antequam
590 3681 720 3745 colonia
741 3680 980 3759 deduceretur,

234 3787 282 3850 sie
304 3785 496 3858 obscurum,
516 3785 633 3867 ntejus
651 3804 693 3846 nc
711 3783 898 3849 meminerit
912 3784 981 3870 qni·

234 3888 311 3951 dem
333 3888 367 3947 in
393 3885 634 3948 commentariis
659 3885 726 3948 ouis
751 3888 886 3964 Caesar,
928 3906 980 3949 re·

235 3988 362 4072 perisse
385 3987 421 4047 in
439 4007 496 4048 sua
518 3999 665 4067 egestate
684 3986 818 4070 dignum
840 3988 980 4074 aliquid,

236 4089 324 4153 unde
343 4088 502 4173 epocham
521 4087 676 4165 doceret,
702 4086 840 4176 eamque
859 4110 979 4155 canore

236 4191 321 4257 adeo
344 4190 579 4274 promulgaret.
608 4190 728 4251 Mirum
752 4192 849 4255 etiam
873 4192 983 4257 videa·

238 4306 312 4371 tur,
351 4313 454 4357 novos
486 4291 623 4357 colonos
653 4311 695 4354 ex
723 4291 827 4360 vicina
853 4294 982 4362 Vienna

236 4394 304 4457 buc
324 4393 495 4472 advectos,
525 4407 560 4457 ut
588 4392 711 4456 diserte
738 4407 876 4458 testatur
899 4395 982 4469 Dio,

240 4494 392 4560 maluisse
408 4496 565 4580 epocham
585 4516 627 4559 ex
646 4496 783 4581 ignobili
800 4497 909 4582 aliquo
929 4516 983 4560 ve·

279 4720 310 4792 a)
330 4716 364 4774 In
376 4722 483 4777 Anton.
502 4741 570 4796 pag.
580 4731 644 4794 955.

1025 635 1108 699 teris
1126 631 1280 717 Lugduni
1302 643 1440 710 eventu,
1469 643 1505 695 et
1531 652 1551 694 a
1577 651 1615 697 se
1643 629 1773 714 penitus

1025 738 1133 802 alieno
1154 735 1295 813 ducere,
1321 747 1357 799 et
1376 754 1442 797 non
1465 732 1591 818 potina,
1621 731 1712 820 quod
1733 731 1773 796 ad
1802 788 1806 793 .

1025 862 1085 904 eos
1111 838 1287 924 pertinuit,
1318 859 1337 900 a
1366 837 1516 901 coloniae
1546 855 1625 899 anae
1652 835 1772 913 natali,

1025 940 1114 1028 quod
1141 940 1256 1006 iecere
1290 936 1489 1022 Sinopensea
1509 936 1775 1023 Paphlagoniae,

1026 1044 1287 1115 Viminaoienser
1308 1042 1475 1119 Moesiae,
1498 1054 1533 1107 et
1553 1039 1776 1127 provinciales

1026 1146 1160 1213 Daciae.
1196 1142 1388 1213 Verisimile
1417 1142 1526 1209 rideri
1546 1141 1671 1227 pessit,
1701 1160 1775 1205 eum

1027 1262 1062 1312 et
1080 1244 1277 1333 epigraphe,
1300 1259 1335 1309 et
1353 1258 1447 1330 typus
1467 1243 1510 1308 sd
1529 1265 1631 1308 unum
1650 1244 1697 1309 Μ.
1713 1242 1778 1305 Διι-

1027 1352 1153 1415 tunium
1187 1348 1394 1433 pertineant,
1431 1348 1496 1432 ipsi
1530 1367 1616 1416 rere
1644 1342 1778 1439 Lugdu·

1028 1474 1148 1516 nenses
1180 1466 1305 1515 tantum
1335 1449 1513 1513 debuerint
1544 1448 1709 1527 Antonio,
1745 1460 1780 1509 ut

1030 1554 1127 1618 etism
1145 1555 1263 1617 Mmci
1283 1540 1465 1636 municipes
1483 1551 1698 1627 dicerentur,
1718 1549 1779 1613 boe

1031 1657 1129 1720 etiam
1153 1673 1311 1718 annorum
1330 1672 1486 1717 numeror
1508 1650 1635 1739 aliquid
1658 1648 1702 1715 ad
1717 1650 1782 1713 An·

1030 1757 1155 1821 tunium
1176 1755 1347 1840 pertinens
1367 1740 1525 1820 indicare.
1560 1752 1664 1847 Quod
1684 1752 1714 1816 ai
1732 1770 1781 1841 esf

1031 1874 1082 1923 set
1103 1858 1309 1941 exemplum,
1331 1857 1421 1941 ejus,
1440 1856 1537 1941 eujus
1557 1876 1700 1935 nomen,
1727 1866 1782 1919 aut

1032 1960 1177 2043 effigiem
1200 1958 1348 2042 praefert
1367 1980 1500 2038 numus,
1527 1954 1781 2022 commemorati

1032 2063 1129 2125 etiam
1151 2074 1310 2138 aetatem,
1332 2059 1525 2137 crederem,
1549 2058 1620 2137 bia,
1649 2056 1693 2122 de
1714 2056 1781 2143 qni·

1032 2163 1093 2226 bur
1122 2163 1264 2246 agimus,
1290 2163 1377 2225 notis
1404 2161 1543 2225 indicari
1564 2159 1704 2223 Antonii
1730 2180 1783 2223 an·

1032 2285 1093 2326 nos
1129 2265 1226 2329 sitae.
1271 2267 1374 2327 Teste
1407 2263 1589 2327 Plutarcho
1621 2260 1782 2325 Antonino

1032 2386 1117 2429 anno
1143 2367 1184 2433 V.
1203 2366 1241 2433 C.
1258 2374 1341 2447 724,
1366 2384 1433 2449 quo
1456 2377 1599 2427 mortem
1621 2362 1688 2427 ribi
1708 2384 1782 2427 eon·

1034 2468 1146 2543 scivit,
1186 2488 1228 2530 ex
1256 2466 1491 2529 nonnullorum
1518 2465 1684 2530 sententia
1714 2463 1781 2549 egit

1034 2590 1152 2632 annum
1170 2570 1255 2634 Llll.
1277 2571 1307 2652 ⁸)
1331 2589 1414 2651 ergo
1435 2568 1464 2631 is
1485 2588 1571 2632 anno
1587 2570 1632 2636 V.
1651 2568 1689 2633 C.
1709 2589 1782 2646 7¹¹·

1034 2690 1099 2755 quo
1121 2669 1195 2734 lere
1217 2684 1368 2753 tempore
1389 2669 1424 2730 id
1446 2690 1552 2755 genus
1568 2688 1688 2735 numos
1705 2668 1781 2734 ieri·

906 2834 912 2839 .
1033 2772 1064 2834 ri
1081 2784 1216 2855 coeptos
1231 2770 1386 2851 diximus,
1400 2793 1520 2835 annum
1535 2771 1606 2854 egit
1618 2772 1692 2851 XL.
1714 2768 1782 2835 Sed

1034 2895 1165 2937 nimum
1191 2896 1209 2935 a
1234 2872 1360 2951 tabula,
1391 2894 1434 2935 ne
1462 2874 1657 2959 conjectura
1681 2892 1782 2959 utque

1037 2995 1094 3051 eo,
1114 2975 1201 3060 qnod
1217 2975 1361 3039 libenter
1376 2974 1500 3052 fateor,
1519 2974 1667 3039 insolens
1683 2976 1719 3038 in
1734 2994 1784 3039 ae·

1009 3160 1011 3165 ι
1037 3078 1088 3161 gri
1108 3076 1240 3140 somniis
1257 3090 1407 3161 putetur,
1430 3076 1579 3157 tametsi,
1603 3078 1634 3141 ai
1654 3077 1734 3165 qnid
1749 3078 1783 3139 in

1038 3200 1077 3242 ea
1102 3177 1251 3244 rideatur
1280 3177 1431 3258 absurdi,
1465 3179 1555 3242 tueri
1582 3199 1638 3244 me
1660 3179 1783 3265 possim

1037 3280 1228 3343 auctoritate
1241 3280 1418 3358 Pretiosa,
1435 3278 1578 3344 similem
1594 3282 1786 3367 explicatio·

1036 3402 1112 3446 nem
1135 3381 1175 3446 sd
1198 3403 1314 3445 numos
1332 3380 1567 3467 Pythodoridia
1579 3382 1681 3447 Ponti
1699 3381 1786 3471 regl-

1037 3504 1099 3548 nae
1118 3482 1282 3548 tentantia.

1218 3726 1259 3788 V.
1276 3724 1310 3786 G.
1329 3740 1403 3805 7¹⁹·
1425 3724 1474 3789 A.
1488 3724 1535 3789 X·
1551 3733 1607 3801 litt.

1131 3824 1281 3891 mma
1300 3825 1341 3887 R.
1362 3828 1399 3888 P.
1417 3825 1454 3889 C.
1477 3826 1575 3894 COS.
1588 3826 1694 3893 IMP.

1099 3990 1173 4056 Vna
1198 4012 1272 4055 curn
1293 3990 1473 4058 Octaviano
1488 3994 1631 4058 Brutum
1652 4008 1689 4060 et
1708 3996 1784 4061 caa-

1038 4090 1119 4155 aium
1138 4092 1224 4177 apud
1240 4094 1411 4179 Philippos
1428 4094 1538 4161 vineit.

1340 4277 1485 4343 Numi:

1174 4399 1210 4460 C.
1221 4397 1458 4467 aaronita.
1469 4402 1515 4465 M.
1528 4400 1568 4465 F.
1575 4402 1679 4469 Plio.
1688 4403 1783 4469 COS.

1177 4503 1331 4563 Protome
1362 4504 1535 4565 muliebris
1561 4505 1656 4586 pileo
1686 4518 1787 4571 tecte.
