4012 5370
760 498 961 575 IVLIVS
994 496 1238 573 CAESAR.

219 685 288 748 set,
308 691 375 757 quo
397 683 505 735 umen
519 689 556 734 se
574 688 710 733 munere
731 680 806 751 pos-t
824 667 895 732 dies
915 669 971 735 XI.

220 773 419 856 mutatu.
734 760 772 799 ’-

285 877 330 945 V.
349 877 387 940 C.
401 874 465 959 706
483 873 522 934 A.
535 873 574 934 X.
596 873 648 948 48.
666 873 784 935 consul
799 871 845 932 II.
866 871 973 932 conle-

217 1000 268 1061 ga
296 981 333 1043 P.
353 978 499 1040 Seruilio
524 977 629 1038 Vatia
652 974 801 1035 Isaurico
828 971 972 1055 adDyr-

219 1079 395 1144 rhacltium
412 1077 516 1141 victus
533 1075 694 1159 primum,
719 1094 796 1137 mox
813 1073 855 1136 ad
870 1073 973 1135 Phar·

220 1183 328 1243 salum
351 1177 546 1242 Thessaliae
560 1175 711 1240 adversas
729 1188 839 1258 partes
865 1176 975 1239 atterit
1003 1197 1027 1214 ··

219 1283 262 1350 V.
280 1281 354 1345 idos
374 1283 483 1355 Sext,
514 1277 571 1362 qui
587 1276 658 1340 dies
675 1277 709 1337 in
731 1297 816 1339 anuo
842 1279 974 1360 prolep-

218 1383 288 1447 tico
305 1383 433 1445 iuliano
446 1379 533 1444 cadit
549 1379 582 1439 in
595 1399 742 1440 mensem
759 1377 896 1439 lunium.
917 1378 973 1444 Vi·

221 1485 266 1549 de
284 1484 371 1548 dicta
392 1482 433 1546 ad
447 1503 556 1546 aeram
580 1480 803 1543 Caesarianam
821 1479 898 1546 Vol.
915 1479 972 1544 IV.

222 1609 259 1671 p.
270 1598 344 1663 too.
360 1586 409 1647 Ea
422 1583 560 1650 uictoria
575 1584 700 1644 Romae
717 1580 822 1645 audita
842 1594 972 1643 creatur

223 1688 364 1752 dictator
386 1687 420 1748 iu
444 1685 608 1768 integrum
631 1704 765 1760 annum,
791 1684 848 1767 qui
868 1684 972 1744 honos

223 1791 364 1873 singulis
399 1786 556 1870 deinceps
589 1784 680 1848 annis
709 1798 759 1861 est
786 1782 971 1848 ren'or'atus.

220 1892 393 1955 Continuo
407 1888 589 1971 fugientem
608 1886 802 1970 Pompejum
819 1905 973 1970 persecu·

219 2010 276 2057 tus
295 1994 330 2054 in
350 1993 501 2074 Aegypto
523 2009 654 2052 caesum
681 1989 828 2070 reperit,
861 1986 971 2070 ibique

221 2094 392 2158 amoribus
435 2092 629 2173 Cleopatrae
659 2090 806 2154 irretitus
834 2102 974 2150 temera·

220 2199 310 2260 rium
338 2216 400 2281 pro
426 2193 542 2257 amasia
572 2195 722 2277 Aegypto
753 2190 972 2275 praeficienda

221 2301 351 2363 bellum
380 2317 452 2362 oum
477 2295 548 2376 ejus
573 2293 675 2357 fratre
692 2294 884 2358 Ptolemaeo
904 2313 973 2354 sus

222 2404 253 2466 ci
278 2404 334 2464 it.
425 2427 432 2435 *
523 2408 528 2413 '

256 2425 331 2570 pV.
348 2501 387 2563 C.
400 2519 463 2583 707
481 2500 520 2562 A.
534 2498 575 2558 X.
590 2506 643 2579 47.
665 2497 706 2580 Q.
720 2496 813 2580 Fufio
835 2496 978 2578 Gelono,

226 2609 265 2667 P.
289 2605 431 2664 Vatinio
455 2623 521 2663 cos.
554 2597 784 2661 Alexandriam
813 2599 898 2682 capit
920 2599 973 2661 die

224 2705 359 2770 xxm
383 2704 493 2765 Martii
506 2701 552 2784 b).
587 2702 690 2764 Caeso
706 2701 897 2765 Ptolemaeo
917 2701 974 2763 hu·

227 2806 276 2885 jus
299 2804 409 2867 sorori
428 2806 622 2886 Cleopatrae
644 2804 826 2884 Aegyptum
849 2803 971 2864 tribuit.

226 2907 367 2969 Militem
395 2918 510 2968 contra
535 2903 736 2965 Pharnacem
760 2903 901 2986 Bospori
922 2924 974 2966 ro·

228 3029 303 3098 gem
324 3007 427 3090 rapit,
443 3025 585 3089 eumque
604 3003 645 3067 ad
663 3004 786 3067 Zielam
807 3003 974 3087 Cappado-

227 3110 297 3171 ciae
318 3107 422 3171 vincit
443 3106 499 3170 die
521 3111 562 3173 ll.
586 3106 690 3170 Sextii
706 3116 745 3181 e).
759 3109 924 3170 Reversus
941 3107 974 3166 in

226 3209 343 3272 urbem
362 3208 553 3292 compositis
564 3208 599 3270 in
622 3208 683 3271 hac
704 3207 808 3270 turbis
835 3208 975 3291 accingit

228 3334 262 3374 se
282 3311 323 3374 ad
346 3311 472 3385 bellum
492 3311 679 3373 Africanum
696 3333 714 3372 a
733 3310 880 3372 Pharsali
899 3312 976 3373 reli·

227 3414 333 3499 quiis,
349 3414 410 3476 sed
427 3434 489 3496 per
505 3398 603 3475 lubae
620 3412 791 3474 Numidiae
812 3412 902 3495 regis
924 3434 976 3475 ac·

228 3516 412 3579 sessionem
430 3513 614 3577 metuendis
630 3512 823 3591 conflatum,
841 3527 875 3576 et
889 3514 975 3576 circa

228 3617 405 3681 solstitium
436 3617 605 3692 brumale,
636 3615 696 3678 sed
727 3628 801 3677 ante
835 3614 915 3690 hoc,
941 3617 975 3678 in

230 3720 376 3783 Africam
398 3718 520 3801 trajicit
534 3716 583 3800 d).

291 3823 334 3887 V.
350 3822 388 3885 C.
407 3821 471 3904 708
492 3821 532 3883 A.
548 3819 589 3883 x.
606 3822 658 3896 46.
678 3822 796 3882 consul
817 3819 889 3884 III.
901 3840 977 3881 oon·

230 3926 306 4007 lega
330 3924 380 3986 Μ.
402 3922 553 3984 Aemilio
573 3922 696 4002 Lepido
715 3921 976 4004 Scipionem,1u-

232 4028 322 4101 batu,
338 4023 509 4087 Petreium
526 4022 566 4084 ad
580 4022 745 4106 Thapsum
760 4023 891 4086 Africae
908 4022 976 4082 vin·

233 4127 276 4188 tit
301 4128 390 4192 Vlll.
415 4123 450 4185 id
473 4122 569 4207 April
593 4126 634 4205 e).
672 4124 899 4190 Reversusiu
924 4141 982 4184 nrm

123 4253 126 4273 ⁵
235 4226 309 4290 ben
336 4225 514 4310 triumphat
541 4239 678 4311 quatuor
706 4227 820 4291 diebus
849 4238 976 4311 quater-

1751 524 1771 587 3

1029 667 1079 730 nis
1100 624 1272 750 triumphis
1291 664 1332 730 de
1354 667 1474 748 Gallis,
1491 672 1662 755 Aegypto,
1679 671 1779 734 Phar·

1028 791 1131 847 nuce,
1163 768 1251 834 luha.
1292 768 1458 835 Correctis
1491 775 1566 835 unni
1595 774 1776 837 rationibus

1020 872 1153 934 *bellum
1187 872 1403 954 Hispaniense
1435 872 1590 938 adversus
1625 876 1777 976 Pompeii
1863 866 1874 887 ³

1677 979 1780 1062 ipsam

1028 977 1075 1039 Μ.
1095 974 1239 1036 *liberos*
1271 988 1435 1059 apparat,-
1453 974 1552 1060 idque
1584 974 1644 1038 sub

1030 1076 1182 1160 hyemem
1209 1072 1305 1160 gerit.
1624 1078 1628 1085 '
1890 1128 1897 1151 ,

1095 1179 1134 1244 V.
1158 1178 1193 1240 C.
1213 1197 1278 1258 7oq
1293 1179 1334 1241 A.
1351 1178 1392 1238 X.
1413 1181 1465 1254 45.
1493 1183 1613 1244 consul
1631 1182 1695 1257 JV,
1709 1187 1782 1255 sine

1030 1280 1168 1361 conlega
1194 1279 1305 1340 hostes
1335 1279 1422 1342 veris
1446 1293 1617 1364 temporo,
1645 1282 1780 1366 stipsis

1031 1381 1163 1464 quidem
1190 1378 1396 1441 Liberalibus
1420 1381 1505 1463 apud
1538 1382 1780 1451 Mundamdil·

1023 1473 1109 1544 ‘fioili
1126 1485 1232 1542 Marte
1261 1495 1392 1563 superat
1413 1481 1459 1565 s),
1476 1482 1633 1548 victoriae
1658 1485 1779 1547 nuncio

1029 1581 1136 1667 pridie
1160 1582 1319 1645 Parilium
1352 1585 1488 1646 Romam
1515 1574 1701 1669 perlatos).
1718 1589 1782 1648 Ile·

1029 1706 1144 1751 versus
1170 1684 1212 1746 de
1231 1685 1325 1748 victis
1349 1684 1492 1762 civibus,
1514 1686 1601 1771 quod
1617 1709 1780 1772 nunquam

1030 1801 1141 1863 antea,
1159 1786 1347 1868 triumphat.
1377 1785 1548 1852 Ostentata
1575 1790 1672 1870 regni
1693 1785 1781 1871 e'upi·

1030 1887 1148 1962 ditate,
1172 1901 1206 1949 et
1228 1886 1376 1950 admissis
1398 1887 1578 1951 honoribus
1607 1892 1779 1974 plusquam

1030 1989 1201 2051 mortalem
1231 1990 1385 2066 decoret,
1406 1991 1550 2054 omnium
1575 1986 1731 2056 inuidiam
1748 2005 1781 2053 et

1032 2091 1142 2155 odium
1177 2091 1326 2154 incurrit.
1516 2093 1517 2096 ’
1695 2096 1696 2099 ’

1093 2195 1133 2260 V.
1147 2193 1182 2254 C.
1194 2213 1257 2275 7¹⁰
1276 2193 1362 2256 Λ.Χ.
1383 2201 1437 2268 44.
1453 2193 1571 2268 consul
1586 2196 1626 2256 V.
1641 2193 1780 2273 conlega

1030 2294 1084 2358 M.
1101 2296 1253 2356 Antonio
1268 2293 1393 2356 bellum
1407 2296 1440 2354 iu
1457 2293 1565 2368 Getas,
1590 2306 1624 2355 et
1638 2293 1778 2355 Parthos

1032 2393 1191 2457 meditans
1216 2393 1293 2455 idib.
1312 2395 1438 2457 Martiis
1465 2395 1499 2455 in
1524 2407 1639 2463 ¹senatu
1661 2396 1780 2459 XXlll.

1030 2496 1220 2560 vulneribus
1235 2499 1338 2558 Bruto
1359 2510 1392 2558 et
1412 2497 1526 2560 Cassio
1550 2496 1781 2578 conjurationis
1798 2572 1802 2579 Δ

1031 2598 1217 2661 auctoribus
1250 2596 1432 2662 conficitur.

1094 2700 1155 2767 Vir
1180 2698 1221 2761 ad
1243 2686 1356 2762 omnes
1373 2700 1460 2783 pacis
1488 2698 1635 2785 bellique
1673 2716 1780 2778 artes,
1811 2688 1815 2700 Ι

1031 2801 1150 2886 siquis
1186 2801 1285 2878 alius,
1316 2800 1358 2863 ad
1385 2801 1576 2864 miraculum
1612 2802 1779 2876 excultus3

1032 2903 1084 2965 cui
1113 2922 1210 2984 quem
1233 2902 1386 2984 preferre
1418 2917 1548 2985 posset,
1586 2925 1652 2965 non
1683 2903 1782 2966 habet

1032 3003 1213 3086 antiquitas.
1256 3003 1426 3084 ingenium
1461 3022 1555 3077 acre.
1595 3002 1781 3086 eloquentia

1032 3124 1107 3166 cum
1135 3104 1258 3179 nativa,
1281 3116 1350 3165 tum
1378 3103 1548 3165 literarum
1583 3105 1696 3167 studiis
1728 3126 1782 3167 ex·

1031 3207 1148 3290 polita,
1169 3206 1294 3268 animus
1315 3219 1381 3267 tam
1406 3205 1445 3267 nd
1462 3205 1647 3268 audendum
1672 3228 1782 3291 prom·

1031 3323 1125 3393 ptus,
1147 3331 1242 3393 quam
1264 3308 1308 3368 in'
1323 3306 1469 3372 adversis
1494 3330 1650 3392 praesens
1674 3324 1707 3372 ot
1731 3312 1779 3371 in·
1844 3349 1846 3357 ·

1030 3409 1197 3494 trepidus,
1213 3410 1368 3495 sagacitas
1388 3431 1511 3472 summa
1530 3410 1562 3471 in
1586 3392 1780 3494 praeviden-

1033 3510 1075 3573 do
1112 3532 1215 3595 acque
1247 3533 1286 3575 ac
1321 3510 1551 3593 explicandos
1572 3532 1645 3574 cum
1681 3514 1793 3596 maxi·

1033 3633 1086 3675 me
1123 3614 1318 3676 constrictus
1351 3626 1544 3689 teneretur,
1566 3623 1632 3696 par
1654 3614 1695 3676 ad
1726 3635 1781 3697 ag·

1034 3703 1250 3798 gradiendum
1282 3715 1441 3803 impetus,
1472 3715 1513 3779 ad
1540 3716 1780 3798 perficiendum

1032 3817 1206 3903 patientia,
1234 3815 1373 3879 felicitas
1393 3815 1468 3900 plus
1500 3805 1609 3902 quam*
1623 3816 1780 3890 humana,

1033 3941 1114 4003 quae
1133 3921 1165 3980 ei
1183 3931 1316 4002 praesto
1335 3939 1467 4003 semper
1487 3919 1567 3995 fuit,
1590 3920 1686 3982 etiarn
1705 3939 1780 3980 cum

1031 4021 1171 4104 plurima
1184 4034 1327 4096 temere,
1344 4036 1377 4086 et
1389 4021 1574 4085 inconsulto
1588 4023 1780 4103 susciperet.

1032 4115 1084 4183 Ad
1113 4124 1195 4185 haec
1222 4123 1355 4185 comitas
1380 4122 1572 4207 singularis,
1598 4142 1708 4185 mores
1733 4121 1779 4184 fa·

1033 4223 1132 4301 siles,
1167 4244 1204 4288 ae
1232 4225 1427 4306 praesertim
1456 4229 1490 4287 in
1511 4226 1617 4293 victos
1636 4223 1780 4285 clemon-

274 4560 304 4628 a)
326 4532 438 4612 Caesar
451 4554 488 4610 de
502 4553 573 4615 llcll.
590 4556 646 4612 cir.
737 4555 773 4628 b)
790 4555 854 4616 Kal.
869 4574 971 4611 marm.
985 4555 1092 4612 lllsffei.
1187 4526 1300 4628 cllial.
1317 4552 1572 4609 marmhmitern.
1665 4556 1700 4626 d)
1719 4554 1775 4626 Cy·

244 4648 331 4721 prinu.
346 4645 385 4702 de
399 4643 473 4704 idol.
487 4646 575 4702 sunit.
594 4645 717 4703 Plania
735 4646 820 4702 Caes.
839 4665 904 4721 cup.
919 4656 963 4728 52.
983 4644 1127 4702 Minucius
1143 4645 1173 4703 in
1190 4643 1317 4702 Octavio
1334 4664 1359 4701 c.
1374 4647 1418 4706 26.
1440 4640 1506 4698 Cic..
1520 4641 1557 4698 de
1572 4642 1669 4701 Diviu.
1692 4645 1723 4701 L.
1741 4645 1777 4702 ΙΙ.

249 4741 274 4804 ι)
290 4739 364 4793 Pati.
378 4734 486 4790 Verrii.
575 4734 601 4806 l)
622 4737 707 4793 huet.
724 4734 994 4811 belliHisp.c.51.

1086 4737 1118 4810 g)
1137 4733 1194 4823 Dio
1208 4735 1241 4794 1.
1256 4733 1358 4792 xLut
1375 4735 1398 4807 4.
1413 4741 1461 4793 tt·
1513 4797 1515 4802 ,

1042 4834 1044 4838 ’
1494 4826 1522 4884 Α
1546 4845 1564 4886 a
