3998 5340
228 515 304 586 aaz
423 446 430 457 ¹
677 485 1340 570 vassasmuvsrvmon.

394 666 553 750 Argentei
601 693 1396 713 .........

393 768 552 851 Argentei
572 787 655 829 max.
671 765 796 831 formae

389 869 494 931 Aeaei
514 872 535 929 l.
554 868 679 930 formae

393 969 498 1032 Aenei
514 971 553 1031 ΙΙ.
571 969 696 1032 formae

390 1072 568 1134 deneilll.
588 1070 713 1132 formae
756 1060 763 1082 ⁸
797 1098 1196 1116 ·····
1220 1072 1228 1087 ⁹
1275 1097 1292 1110 ·
1375 1097 1388 1111 ·
1508 1108 1516 1126 .

391 1173 574 1235 commatis
586 1173 771 1253 peregrini,
794 1182 829 1231 ut
846 1168 995 1253 proxime
1017 1166 1148 1230 dietum.

669 1461 1076 1528 VESPASIANVS
1117 1459 1330 1526 wtt’tott.

268 1652 403 1713 Exstant
425 1645 513 1710 numi
537 1644 631 1710 aenei
654 1645 811 1727 Smyrnae
836 1644 970 1726 signati:
1031 1643 1228 1719 concubina,
1260 1641 1505 1728 quampridem
1533 1640 1597 1705 sibi
1626 1640 1781 1709 dilectam

307 1741 970 1812 OTecssAclaNoc.NettTeP00.
1029 1758 1157 1808 mortua
1186 1744 1354 1807 Domitilla
1384 1744 1571 1820 revocarit,
1600 1744 1781 1831 ltalsuitqae

311 1854 418 1934 Caput
432 1851 577 1929 juvenile
595 1850 728 1910 nudum.
1030 1848 1126 1910 etiam
1139 1847 1318 1930 imperator
1331 1866 1435 1930 paene
1447 1846 1553 1928 justae
1565 1846 1681 1911 uxoris
1696 1848 1781 1921 lona,

222 1947 530 2016 CMTPNAIDN.
565 1951 720 2012 Victoria
736 1950 906 2030 grediens.
934 1951 971 2010 ln
1028 1962 1064 2011 ut
1084 1948 1202 2012 eodem
1221 1948 1296 2012 loeo
1315 1961 1425 2011 narrat
1443 1946 1630 2013 Suetonius.
1652 1950 1779 2017 Vera·

222 2055 307 2117 aliis:
328 2053 408 2135 Spes
421 2052 592 2132 gradiens.
608 2048 771 2121 (Haeduin
786 2049 872 2113 Ilist.
890 2049 975 2132 Aug.
1031 2071 1072 2112 an
1086 2050 1155 2112 ullo
1170 2065 1266 2134 paeto
1281 2048 1473 2125 verisimile,
1487 2046 1590 2111 lilium
1602 2049 1779 2133 illegitimo

221 2179 252 2240 p.
271 2155 345 2236 733.
377 2155 482 2234 llaym
508 2152 602 2213 Tem.
627 2152 651 2215 l.
676 2171 707 2232 p.
724 2149 797 2226 248.
826 2150 974 2213 Pellerin
1031 2150 1128 2213 thoro
1144 2164 1253 2213 natum
1269 2152 1302 2212 in
1320 2151 1381 2214 has
1396 2150 1538 2213 liliorum
1555 2150 1778 2235 legitimorum

221 2259 300 2321 Mel.
318 2258 357 2317 ll.
383 2276 414 2337 p.
429 2264 497 2333 49)
1031 2251 1117 2324 Titi,
1147 2265 1182 2314 et
1212 2252 1389 2316 Domitiani
1419 2253 1563 2336 potentia
1590 2252 1628 2314 in
1657 2274 1778 2319 nomen

262 2356 414 2431 Eruditi,
443 2354 498 2439 qui
524 2354 559 2416 iu
583 2351 644 2413 hos
669 2370 785 2415 numos
809 2372 973 2415 commen·
1029 2353 1220 2435 Vespasiani
1236 2353 1439 2436 adoptatum,
1458 2355 1554 2440 sique
1570 2354 1708 2440 publice
1725 2358 1779 2421 de·

220 2458 277 2522 tati
301 2468 393 2530 sunt,
417 2456 523 2517 varias
547 2472 752 2537 proposuere
775 2455 970 2532 sententias,
1028 2453 1166 2527 dicatam
1185 2456 1369 2519 monetam?

221 2561 314 2640 cujus
331 2557 433 2621 fuerit
451 2553 537 2617 filius
556 2553 774 2638 Vespasianus
791 2554 855 2631 laio,
872 2577 970 2641 quem
1069 2558 1160 2625 Vero
1183 2559 1338 2642 propiora
1365 2555 1463 2621 docet
1487 2557 1644 2643 Haynius
1670 2562 1705 2641 a)
1731 2560 1778 2625 in·

215 2664 387 2740 juniorem
414 2656 613 2745 compellant
642 2656 677 2718 hi
705 2657 804 2721 nunti.
849 2660 971 2722 Censet
1027 2659 1142 2723 duetus
1167 2660 1316 2722 Suetonii
1345 2659 1486 2737 indicio,
1516 2661 1572 2745 qui
1598 2681 1705 2748 agens
1733 2664 1776 2729 de

219 2761 408 2827 Darduiuus
426 2764 472 2845 ⁸),
492 2765 605 2847 fuisse
621 2778 698 2821 eum
711 2756 827 2842 filium
850 2764 971 2842 Vespa·
1027 2764 1067 2827 Τ.
1084 2760 1199 2825 Flavio
1218 2761 1390 2824 Clemente
1407 2761 1489 2826 haee
1507 2761 1688 2848 scribisqs
1712 2767 1778 2831 De·

218 2869 319 2941 sioni,
336 2867 396 2928 sed
406 2884 450 2926 ee
463 2864 609 2926 seeundo
623 2862 760 2944 conjuge
776 2863 967 2924 Domitilla.
1026 2866 1124 2941 nique
1138 2865 1289 2926 Flavium
1306 2864 1504 2928 Clementem
1514 2867 1706 2947 petrusim
1721 2891 1777 2933 sss.

218 2968 274 3030 llis
293 2967 327 3027 in
345 2964 455 3048 paucis
475 2962 585 3028 verbis
602 2962 775 3045 insigniter
792 2962 968 3026 hallucina·
1024 2983 1080 3024 um
1106 2969 1408 3045 contemptissimae
1427 2970 1569 3029 inertiae
1587 2971 1773 3045 interemit,

218 3083 272 3130 tur
289 3067 339 3129 vir
356 3065 519 3140 eruditus,
539 3062 697 3146 primum,
717 3063 804 3148 quod
821 3078 966 3148 quartam
1025 3062 1224 3147 enjusfilios
1238 3069 1341 3129 etiam
1355 3077 1426 3129 tum
1436 3069 1775 3152 purvulossueeem·

219 3167 368 3231 sobolem
396 3164 538 3248 adtingat
563 3164 783 3244 Vespasiano,
817 3185 891 3227 cum
922 3180 967 3228 ta·
1024 3186 1077 3227 rea
1087 3167 1203 3247 palam
1218 3168 1454 3244 destinaverat,
1470 3168 1644 3232 etodolito
1657 3177 1777 3257 prim

218 3289 294 3330 men
319 3266 442 3329 diserte
465 3264 570 3327 tradat
587 3263 780 3339 Suetonius,
810 3277 879 3328 tres
900 3279 967 3327 tau·
1023 3270 1155 3331 nomine
1177 3269 1320 3331 alterum
1343 3268 1704 3337 VESPASIANVM
1720 3296 1776 3357 φ·

217 3386 286 3433 tam
310 3367 434 3432 liberos
453 3366 653 3452 Vespasiano
679 3365 791 3429 tulisse
814 3367 965 3429 Domitil-
1018 3369 1143 3448 pallori
1161 3371 1326 3448 jusserat,
1355 3371 1499 3432 alterum
1524 3371 1774 3439 Dimisimus.

217 3474 302 3546 lam,
339 3472 466 3546 Titum,
503 3467 742 3545 Domitianum,
779 3481 815 3531 et
839 3489 965 3552 eogno-
1022 3470 1146 3532 Eorum
1162 3470 1259 3534 etiam
1273 3470 1773 3563 meminithinetiliaunman

216 3577 338 3638 urinam
377 3573 473 3637 matri
511 3569 712 3634 Domitillam
737 3567 782 3653 b).
835 3571 963 3634 Deinde
1023 3584 1195 3657 utrumque
1219 3573 1282 3636 sibi
1303 3595 1321 3636 a
1341 3572 1528 3638 Domitiano
1549 3574 1773 3643 andiendu-

216 3677 305 3761 quod
335 3674 538 3738 Domitillam
571 3672 744 3736 secundam
773 3668 965 3756 Vespasiani
1022 3670 1492 3756 ‹latumnarrathisrerbis²)s
1510 3677 1776 3745 Cumseeomihi

215 3798 352 3840 uxorem
377 3777 540 3860 appellet,
568 3772 707 3856 perinde
728 3774 817 3857 quasi
840 3774 881 3838 ds
900 3774 965 3857 pri·
1023 3776 1241 3838 Domitianus
1259 3777 1441 3857 Augustus
1463 3780 1590 3840 sororis
1611 3798 1772 3845 sunem

215 3903 266 3941 sna
292 3879 398 3964 aliqua
428 3879 499 3958 ejus
525 3896 629 3939 uxore
657 3888 832 3940 constaret.
873 3877 962 3939 llaec
1016 3890 1134 3956 potum
1154 3879 1354 3957 delegaverit
1378 3897 1493 3941 euram
1507 3890 1569 3942 ete.
1585 3876 1647 3942 sed
1663 3884 1771 3947 nomi-

215 4002 297 4065 ergo
321 3978 482 4044 sententia
504 3977 591 4040 inter
613 3976 705 4039 solita
726 3975 884 4038 Haeduini
906 3977 963 4060 lig·
1019 3998 1060 4040 na
1075 3977 1203 4041 omittit.
1220 3976 1310 4040 Huic
1323 3977 1424 4058 igitur
1435 3979 1635 4065 Vespasiano
1648 4003 1769 4051 nmo.

215 4096 323 4147 menta
348 4080 531 4145 amolienda
559 4092 619 4143 est.
663 4077 814 4141 Eandem
839 4078 961 4162 Vespa·
1019 4078 1079 4139 hos
1090 4076 1494 4146 confidentertribuondos
1506 4102 1579 4147 esse
1591 4084 1766 4152 existimat.

214 4185 294 4249 siani
329 4203 460 4269 quoque
490 4180 591 4243 liliam
623 4179 702 4242 serit
737 4180 780 4243 el.
803 4181 960 4243 Boauvais
1018 4180 1218 4243 Sunttamen
1230 4182 1567 4259 nonnullaerationes‚
1580 4207 1664 4270 quae
1678 4188 1765 4254 istud

214 4307 358 4371 nuperus
402 4288 575 4348 Caesarum
618 4280 835 4365 biographus,
894 4301 959 4343 non
1018 4302 1148 4365 quoque
1170 4282 1325 4363 judicium
1348 4284 1546 4368 impediunt,
1575 4288 1764 4379 interque

214 4405 321 4455 tamon
354 4409 394 4451 ax
425 4388 614 4459 Domitilla,
649 4381 709 4446 sed
742 4404 783 4446 er
816 4382 959 4446 Caessido
1017 4385 1763 4480 memoranda.qundsaciesianumispropo-

251 4643 368 4711 a„l.e‚
457 4640 762 4714 lilinVespas.c.3.
853 4637 967 4695 e‘l.e.
1059 4636 1092 4693 d*
1114 4639 1143 4693 in
1164 4639 1270 4695 Domit.
1292 4658 1317 4696 c.
1335 4654 1377 4701 15.
1470 4643 1757 4706 &instituentis

214 4754 345 4809 prooem.
362 4731 400 4786 ad
419 4730 452 4789 L.
470 4731 520 4788 D'.
