3998 5340
746 428 1233 510 rnaaaarro
1664 404 1779 585 xum

221 628 305 697 tem
326 613 435 695 male
452 614 634 722 lectam,
647 628 806 726 partem
826 642 901 725 per
918 613 1122 699 incuriam
1141 615 1283 699 alianis
1304 616 1622 729 imperatoribus
1641 618 1775 702 tribu·

219 765 309 869 tam
323 764 497 836 testatur
515 749 747 834 Bandurius
776 743 822 855 ⁸).
857 748 984 833 ldem'
1003 753 1090 836 fere
1118 752 1320 868 judicium
1347 754 1401 836 de
1427 754 1774 868 numis'ejusdem

220 886 358 972 classis
380 887 516 971 musei
533 887 714 971 Medicei
733 916 758 970 a
774 885 904 972 'Gori'o'
917 887 1066 994 editis,
1096 887 1149 972 de
1168 898 1345 1001 quonam
1359 890 1447 973 dde
1466 893 1540 1003 egi·
1550 891 1649 972 alibi
1667 884 1721 998 b).

307 1026 573 1137 Postremum
592 1024 695 1108 mihi
716 1023 918 1139 judicium
938 1025 1017 1110 erit
1037 1024 1089 1109 de
1110 1027 1286 1138 copiosis
1306 1029 1457 1111 tabulis
1480 1021 1639 1134 aeneis,
1668 1057 1775 1140 quae

220 1175 430 1246 monetam
449 1162 636 1274 priorum
652 1162 732 1245 Xll.
761 1161 1059 1274 imperatorum
1084 1162 1212 1273 ipsius
1234 1163 1411 1248 Morellii
1439 1193 1567 1248 manu
1598 1164 1784 1248 delinea-
1867 1166 1872 1177 '

217 1315 306 1384 tam
327 1298 665 1410 complectamtur.
705 1300 751 1383 ln
778 1297 972 1410 parandis
998 1298 1063 1381 his
1090 1297 1243 1383 tabulis
1273 1302 1462 1411 mirabile
1488 1303 1588 1409 fuit,
1615 1315 1679 1409 et,
1706 1304 1779 1416 qui

219 1437 267 1519 iis
295 1437 360 1520 uti
385 1435 551 1543 volunt,
578 1436 876 1548 permolestum
904 1435 1078 1520 celebris
1107 1436 1195 1549 ejus
1219 1437 1298 1522 viri
1320 1438 1566 1523 institutum.
1604 1442 1780 1532 Praece-

219 1574 330 1680 dant·
349 1579 466 1656 mor'e
496 1573 716 1658 Goltziano
749 1574 884 1685 capita
915 1572 1173 1687 singulorum
1202 1576 1506 1686 Augustorum,
1544 1590 1777 1690 sequnntur

218 1725 352 1824 partes
374 1715 544 1796 aversae
560 1738 635 1822 pro
656 1693 892 1793 discrimine
909 1711 1198 1817 metallorum,
1224 1698 1273 1795 et'
1286 1711 1620 1824 magnitudinum
1640 1714 1782 1824 dispo·
1859 1762 1864 1771 -

217 1849 328 1935 sitae.
374 1848 586 1933 Claudum
605 1829 892 1961 agmen'numi
913 1832 967 1946 cx
986 1846 1178 1954 Goltzio,
1207 1846 1349 1961 ejusve
1368 1847 1483 1934 MSS.
1511 1849 1630 1961 capti.
1664 1851 1777 1932 Bono

218 1986 385 2100 quidem
414 1985 584 2070 consilio
611 1984 818 2096 plerisque
834 1983 1019 2097 partibus
1038 1983 1193 2068 aversis
1215 1983 1402 2068 adstituit
1421 1998 1563 2067 notam
1583 1984 1778 2096 aliquam,

218 2155 252 2208 v.
273 2154 306 2208 c.
334 2114 490 2228 lilium,
518 2123 706 2230 leonem,
735 2119 976 2228 colubrum,
1004 2125 1224 2226 coronam,
1250 2122 1348 2227 eto,
1375 2120 1443 2227 ut,
1473 2147 1527 2204 ex
1553 2121 1636 2234 quo
1662 2121 1780 2206 numi

218 2274 354 2346 essent
373 2288 518 2344 museo
539 2259 680 2372 petiti,
709 2258 906 2344 continuo
931 2256 1255 2370 intelligeretur,
1282 2271 1326 2342 at
1349 2242 1466 2342 istud
1486 2258 1674 2369 profecto
1702 2258 1780 2341 mi·

216 2425 332 2505 rum,
354 2397 465 2511 quod
483 2395 547 2480 his
569 2427 738 2510 quoque
758 2393 1030 2481 immiscuerit
1048 2394 1482 2503 numos-Goltzianos,
1514 2397 1590 2480 etsi
1610 2394 1686 2479 hos
1708 2396 1782 2477 ad-

217 2533 301 2619 dito
322 2536 439 2650 signo
459 2534 705 2646 distinguat,
733 2563 831 2617 cum
849 2547 1012 2641 tamen,
1040 2544 1231 2644 utsupra
1250 2531 1358 2639 diiri‘,
1387 2533 1652 2618 Goltzibnam
1671 2560 1779 2615 mer-

217 2700 308 2781 cem
328 2673 371 2756 in
387 2685 595 2784 separatas
606 2671 769 2754 tabidas
782 2669 1020 2785 conjecerit
1047 2671 1184 2781 Atque
1201 2669 1310 2754 hanc
1330 2669 1399 2752 ille
1417 2697 1565 2753 curam
1584 2696 1681 2754 cum
1701 2670 1780 2753 im-

219 2807 407 2920 penderit
434 2809 622 2918 partibus
651 2788 830 2909 aversis,
859 2804 1156 2915 vituperandus
1188 2833 1309 2910 sane,
1336 2805 1447 2915 quod
1473 2808 1630 2911 fontes,
1666 2806 1778 2889 unde

220 2958 355 3056 partes
377 2942 535 3028 anticas
555 2941 715 3048 hausit,
735 2938 969 3024 adscribere
990 2939 1113 3050 plane
1132 2938 1339 3051 neglexit,
1356 2952 1470 3024 tanto
1487 2942 1658 3056 justiore
1679 2970 1785 3055 que·.

220 3082 325 3191 rela,
354 3079 468 3194 quod
488 3078 532 3163 in
550 3078 854 3192 compluribus,
885 3089 1029 3160 utrum
1057 3076 1241 3199 sincerae
1267 3075 1368 3182 sint,
1399 3091 1442 3162 et
1461 3077 1505 3162 ih
1525 3074 1660 3162 munis
1679 3107 1780 3164 vere

219 3217 424 3325 existant,
455 3217 547 3331 jure
575 3244 795 3328 possumus
830 3211 1039 3298 dubitare.
1076 3214 1238 3324 Operae
1263 3215 1444 3326 pretium
1475 3245 1544 3299 me
1571 3216 1780 3300 facturum

219 3356 431 3464 existimo,
458 3356 494 3439 si
512 3353 669 3467 capita,
695 3364 739 3438 et
755 3349 1004 3468 adjectasiis
1024 3349 1335 3461 inscriptiones,
1364 3381 1465 3465 quas
1485 3353 1689 3467 inprobis
1707 3383 1783 3437 au-

222 3495 427 3601 ctoribus,
456 3491 711 3604 sincerisque
728 3487 925 3597 catalogis
944 3486 1149 3570 hactenus
1167 3487 1309 3570 videre
1336 3517 1422 3571 non
1445 3488 1583 3594 licuit,
1613 3501 1663 3570 et
1681 3515 1781 3570 vere

221 3630 321 3715 adeo
343 3631 581 3715 Goltzianas
601 3625 810 3739 suspicor,
831 3649 886 3703 ex
903 3619 967 3705 bis
987 3621 1169 3705 Morellii
1188 3620 1339 3704 tabulis
1361 3616 1610 3707 indicavero.

689 3781 764 3863 Eo:
788 3771 949 3860 tabulis
972 3774 1075 3858 Iulii
1101 3776 1316 3873 Caesaris.

320 3919 501 3984 causan.
525 3904 642 3982 nter.
667 3912 797 3982 brar.
822 3911 956 3976 nour.
978 3910 1087 3977 uas.
1110 3902 1193 3978 rto.
1211 3914 1237 3977 1.
1259 3931 1291 3973 n.
1309 3906 1360 3974 aa

320 4027 504 4090 CAESAR.
526 4024 768 4089 DICTATOR.
791 4022 843 4086 rel
866 4018 977 4082 addito
1000 4014 1213 4102 praenomine
1236 4015 1416 4101 ababa
1439 4037 1470 4082 n.
1490 4034 1540 4101 ap.
1562 4017 1617 4082 do.

320 4134 502 4198 CAESAR.
527 4133 624 4198 COS.
647 4128 1083 4227 QVINT.D10T.PERP.
1106 4125 1186 4191 Tdb.
1204 4127 1245 4189 ll.
1269 4145 1300 4187 n.
1319 4123 1372 4190 38.
1739 4124 1744 4131 '

322 4242 505 4327 causan.
527 4243 617 4304 run.
639 4239 803 4306 avora.
824 4239 862 4301 r.
884 4237 932 4300 ar.
956 4234 1037 4299 aas.
1052 4236 1093 4303 v.
1116 4255 1149 4301 n.
1171 4231 1220 4297 1⁶.
1328 4276 1333 4283 .

324 4350 509 4413 CAESAR.
531 4344 619 4411 [MP.
643 4347 736 4433 SEX.
758 4347 872 4409 mer.
895 4342 1061 4449 lebll’l'.
1081 4341 1164 4406 Τὼ.
1180 4341 1221 4406 V.
1244 4357 1291 4422 19.
1311 4336 1363 4401 ab.
1424 4376 1431 4394 .

308 4456 505 4561 §CAESAR
531 4448 619 4516 lrtt’.
640 4448 808 4546 QVART.
832 4449 912 4516 Telo.
931 4454 956 4512 l.
979 4473 1011 4516 n.
1029 4451 1082 4516 31.

261 4652 291 4717 a}
313 4647 390 4704 bibl.
406 4605 487 4704 nrrrn.
503 4645 558 4704 sub
577 4606 705 4722 seguino
721 4646 750 4700 in
766 4646 833 4705 line.
910 4640 945 4712 b)
965 4640 1032 4700 vol.
1043 4644 1065 4701 1.
1083 4623 1199 4714 Proleg.
1217 4656 1282 4714 gon.
1299 4657 1329 4714 p.
1345 4604 1467 4699 CLXll..

314 4783 407 4863 (Vol.
428 4784 461 4841 V
460 4781 504 4859 I.)
1499 4780 1522 4831 (⁸
1583 4814 1587 4820 ·
