4012 5370
223 498 295 563 520
887 442 1059 551 SABIN
1069 440 1113 539 Α..

227 666 321 709 ruane
344 642 511 728 ingenium
533 640 740 724 pertulisset,
772 654 805 703 et
827 640 971 701 elabora·
1028 636 1146 699 Sabina
1160 632 1248 699 bona
1267 633 1430 699 bonorem
1448 654 1516 699 non
1540 637 1698 701 maturius
1716 662 1763 725 ap-

225 750 330 823 risse,
355 766 399 808 ne
419 763 520 807 exeo
539 742 578 805 ad
597 741 729 805 bumsni
748 742 879 824 generis
897 760 972 823 per·
1027 736 1192 821 petiverit.
1220 737 1308 799 Huic
1334 734 1545 821 disputationi
1566 738 1676 803 laeam
1694 762 1761 827 quo·

224 848 346 910 niciam
389 843 522 931 gravida
561 844 660 906 fieret
686 842 726 923 ⁸).
786 843 970 925 Desperato
1028 858 1092 922 qne
1117 836 1276 902 adlaudat
1303 858 1419 905 numus
1447 839 1640 918 Tarsensis,
1674 862 1760 927 quem

225 950 395 1033 utriusque
415 964 578 1011 consensu
598 940 639 1007 sd
659 956 842 1007 extremum
865 963 970 1025 prope
1027 940 1114 1003 intra
1129 939 1292 1015 dabimus,
1314 954 1349 1004 et
1362 941 1587 1005 consulendus
1602 942 1696 1007 etiam
1709 966 1759 1007 nu·

224 1047 400 1115 servilibus
419 1070 437 1111 a
459 1045 577 1109 manto
597 1045 724 1128 injuriis
743 1044 888 1117 adiecta,
913 1041 969 1106 de·
1027 1060 1099 1104 mus
1120 1041 1145 1102 l.
1171 1041 1341 1105 commatis
1366 1042 1518 1110 Romani.
1562 1044 1663 1108 Numi
1684 1046 1758 1109 Sabi·

220 1150 323 1236 nique
343 1148 383 1212 ad
402 1162 543 1211 mortem
567 1146 780 1213 voluntariam
802 1145 968 1230 compulsa
1026 1162 1088 1207 nae
1102 1141 1317 1206 Alexandrini
1337 1146 1450 1209 remo?
1468 1142 1549 1207 fidei
1569 1166 1689 1211 anuum
1706 1147 1758 1231 pi·

223 1265 276 1315 est
298 1248 350 1331 ιι),
381 1269 448 1312 non
477 1250 548 1313 sine
576 1248 686 1312 sabula
714 1248 878 1333 propinati
906 1267 969 1330 per
1026 1264 1115 1306 mum
1133 1244 1209 1308 daut
1225 1240 1299 1322 112,
1325 1244 1390 1310 lsoe
1406 1246 1557 1330 priorem
1572 1246 1759 1313 nondumri·

224 1352 388 1417 occultum
415 1351 545 1415 veneni.
583 1350 636 1411 Ex
666 1349 774 1413 verbis
806 1347 969 1434 Spartiani
1027 1344 1152 1423 dimus,
1187 1360 1223 1409 ut
1242 1349 1282 1407 iu
1310 1348 1428 1411 borum
1457 1360 1600 1413 traemu
1625 1350 1755 1415 diximus

222 1450 309 1516 istud
331 1450 506 1515 referentis
528 1450 712 1533 colligitur,
739 1450 860 1514 factum
881 1449 967 1512 istud
1025 1446 1143 1530 Coepit
1164 1448 1193 1511 is
1215 1462 1357 1513 exeunte
1386 1448 1537 1533 Augusto
1563 1452 1609 1517 V.
1625 1452 1664 1519 C.
1689 1454 1753 1527 aas,

223 1554 358 1620 circiter
390 1551 524 1616 biennio
556 1564 632 1615 ante
669 1551 776 1614 mariti
808 1564 966 1627 mortem;
1022 1568 1088 1633 quo
1117 1551 1289 1633 praeclaro
1314 1550 1531 1615 eoulirmstur
1554 1550 1681 1616 initium
1704 1554 1754 1615 ln·

222 1656 279 1721 alii
300 1657 404 1719 multo
426 1652 546 1719 arctius
564 1668 693 1738 tempus
711 1653 966 1731 constituente).
1023 1649 1131 1734 gretei
1161 1650 1258 1732 bajus
1292 1650 1327 1713 in
1352 1652 1469 1718 Sabina
1495 1652 1582 1717 tituli
1611 1646 1703 1739 supra
1722 1652 1754 1717 ad

221 1760 266 1821 Et
293 1778 375 1822 vero
403 1775 445 1818 ex
472 1775 572 1818 numo
593 1754 838 1832 Amisenorum,
868 1774 967 1839 quem
1022 1750 1165 1815 eundem
1197 1772 1319 1815 annom
1352 1752 1466 1821 lirum.
1510 1752 1626 1849 Quare
1654 1754 1753 1819 frustra

224 1860 310 1921 infra
336 1856 530 1941 producam,
563 1870 598 1921 et
619 1857 725 1920 altero
747 1854 969 1921 Alexandrino
1028 1852 1179 1937 Scaliger
1201 1853 1384 1919 Eusebium
1405 1856 1440 1919 iu
1465 1854 1586 1922 Sabina
1607 1856 1752 1943 Augustae

223 1982 298 2026 oum
320 1977 405 2022 anno
426 1957 513 2035 lta,
543 1957 667 2045 liquet,
698 1978 769 2021 eam
790 1958 826 2020 in
846 1972 971 2021 autum·
1028 1954 1175 2039 elogium
1195 1951 1408 2021 differentem
1427 1956 1581 2036 sellim,
1610 1956 1751 2033 adseram

222 2084 267 2126 no
289 2062 332 2131 V.
350 2061 386 2127 C.
407 2060 491 2143 aaa,
508 2060 661 2124 nimirum
682 2060 788 2125 altero
810 2074 885 2123 ante
905 2060 972 2123 Ea·
1027 2054 1112 2121 illud
1130 2068 1323 2141 competere
1341 2059 1519 2140 uxoribus,
1543 2058 1645 2125 simul
1656 2078 1691 2127 ae
1703 2078 1752 2123 ut-

226 2161 331 2225 driani
359 2182 531 2225 excessum
559 2184 645 2226 anno
671 2163 776 2227 adhuc
798 2160 898 2225 fuisse
920 2181 972 2223 su·
1030 2156 1086 2220 riti
1099 2180 1119 2220 a
1134 2170 1249 2220 senatu
1263 2160 1409 2247 Augusti
1418 2160 1499 2227 dieti
1514 2176 1601 2229 sunt.

224 2264 406 2351 perstitem.
1089 2260 1127 2319 lu
1147 2258 1296 2325 dirarum
1314 2282 1488 2327 numerum
1508 2262 1613 2331 inisse
1632 2260 1754 2337 relatau,

288 2367 468 2445 Augustae
501 2363 597 2425 titulo
629 2365 729 2427 luisse
760 2366 968 2438 honoratam,
1027 2364 1119 2427 numi
1134 2367 1232 2429 divas
1252 2366 1396 2430 Sabinas
1411 2366 1594 2433 docebunt.

225 2468 315 2527 numi
343 2464 449 2546 palum
478 2476 649 2528 testantur.
685 2465 906 2548 Hieronymus
935 2466 970 2525 iu
1090 2452 1333 2534 Matrimonium
1349 2466 1451 2532 fuisse
1465 2460 1600 2543 sterile,
1620 2465 1753 2533 euntium

226 2566 406 2637 Chronico,
426 2577 459 2625 ct
477 2564 664 2628 Chronieon
682 2565 832 2649 paschale
851 2565 969 2628 eodem
1030 2565 1181 2635 diximus.

226 2686 310 2731 anno
324 2664 524 2727 Hadrianum
546 2665 666 2729 dictum
686 2682 816 2747 patrem
828 2670 972 2750 patriae,
1093 2668 1230 2753 Siquid
1251 2668 1341 2735 valet
1361 2670 1560 2755 scriptorum
1573 2668 1675 2735 nostri
1689 2666 1757 2741 aeti,

228 2784 263 2834 et
285 2769 437 2832 Sabinam
449 2769 642 2849 Angustam
663 2781 823 2846 statuunt,
841 2790 974 2834 annum·
1033 2781 1066 2829 et
1089 2769 1345 2855 antiquariorum
1371 2792 1570 2849 uouemus,
1600 2770 1758 2837 binnan

228 2891 292 2956 que
323 2870 492 2952 adsignant
521 2867 563 2936 V.
589 2869 626 2933 C.
658 2872 732 2952 870·
791 2872 974 2954 Vtrumque
1033 2883 1160 2951 gustas,
1198 2872 1316 2957 quibus
1348 2874 1461 2937 Iuliae
1488 2874 1635 2939 Sabinas
1659 2890 1759 2936 nomeu

234 2972 333 3035 etiam
351 2969 518 3053 conjungit
537 2969 692 3048 Orosius,
724 2972 917 3035 sedfactum
936 2973 976 3035 il·
1035 2968 1114 3047 fuit,
1148 2992 1330 3053 agnoscere
1352 2994 1528 3060 ungemur,
1557 2994 1669 3050 unm,
1693 2989 1758 3057 quat

232 3072 291 3135 lud
330 3070 498 3134 contendit
542 3091 618 3131 mox
654 3070 785 3155 imperii
816 3074 913 3136 initio
934 3070 976 3154 d).
1036 3070 1098 3132 fuit
1114 3072 1180 3133 Titi
1194 3076 1280 3161 Aug.
1298 3075 1382 3154 fitia,
1407 3076 1548 3141 alteram
1563 3076 1599 3140 iu
1614 3090 1759 3161 quanm

227 3174 355 3242 Verum
378 3193 475 3255 supra
501 3172 535 3232 in
559 3171 724 3235 Hadriano
754 3174 867 3251 docui,
902 3174 978 3255 (sub
1036 3191 1224 3253 versamur,
1260 3177 1418 3241 Hadriani
1442 3197 1597 3243 uxorem.
1637 3178 1759 3241 Demoa-

229 3273 325 3336 titulo
344 3274 442 3355 patris
459 3273 598 3356 patriae)
620 3274 877 3354 probabiliorem
902 3296 977 3339 esse
1035 3276 1207 3340 stravimus
1220 3278 1255 3339 in
1272 3280 1378 3341 numis
1393 3278 1496 3343 Iuliae
1517 3280 1605 3357 Titi,
1625 3278 1698 3341 buia
1710 3278 1758 3337 tu·

232 3376 369 3438 Eusebii
395 3377 607 3452 sententiam,
640 3376 769 3438 titulum
800 3378 900 3461 patris
923 3400 977 3461 pa·
1036 3396 1147 3465 gnatae
1173 3404 1336 3471 nunquam
1361 3378 1464 3443 tutam
1485 3380 1631 3447 Sabinae
1646 3398 1755 3450 nomem

228 3479 311 3541 triae
342 3478 377 3539 in
409 3499 529 3539 annum
551 3478 593 3545 V.
613 3479 648 3540 C.
677 3478 738 3541 881
780 3478 975 3546 differentis.
1033 3484 1182 3570 illudque
1206 3486 1281 3548 unis
1302 3480 1427 3548 Gsluii
1453 3482 1632 3549 mendacii!
1654 3478 1757 3547 deberi

231 3581 334 3665 Igitur
346 3579 379 3640 iu
398 3578 515 3642 Sabina
533 3600 663 3665 queque
682 3579 884 3645 differendus
907 3586 976 3646 Aa·
1033 3606 1117 3673 quaa
1139 3586 1260 3651 deinde
1282 3584 1488 3651 eruditorum
1520 3584 1666 3649 omnium
1686 3600 1757 3647 con·

226 3694 349 3765 gastae
365 3682 493 3756 titulus,
515 3682 543 3744 ai
560 3682 658 3745 modo
674 3703 789 3746 verum
804 3698 871 3761 est,
888 3684 976 3770 quotl
1031 3690 1209 3755 mentarios
1227 3687 1389 3753 iniecere.
1431 3684 1526 3751 Idem
1548 3706 1636 3751 nuno
1651 3684 1755 3751 delit-

231 3802 309 3846 sane
334 3782 513 3847 verisimile
536 3798 602 3859 est,
639 3785 758 3849 eodem
790 3806 874 3850 anno
896 3786 975 3849 utri·
1032 3788 1139 3855 driani
1165 3812 1270 3857 uxore
1305 3788 1483 3875 judicium,
1519 3790 1613 3873 eujus
1639 3788 1757 3853 altem

230 3904 294 3968 que
325 3905 445 3948 novum
476 3886 562 3949 hunc
591 3885 752 3950 honorem
785 3888 973 3953 accessisse.
1031 3913 1152 3957 nomen
1168 3895 1279 3957 Iuliae
1291 3892 1361 3957 sola
1374 3892 1496 3956 iterum
1506 3892 1634 3957 Goltsii
1648 3886 1757 3955 officim

229 3988 362 4053 Etenim
386 4000 574 4051 constater
600 3988 768 4069 plintae),
798 3991 973 4067 Plotinam,
1031 3992 1168 4059 doliaris
1192 3994 1296 4059 linxit.
1341 3994 1443 4059 Certe
1470 3994 1557 4057 illud
1574 4002 1758 4059 mouuneult

231 4104 265 4153 et
299 4090 494 4153 Marcianum
531 4089 654 4153 tamdiu
692 4090 881 4174 deprecatus
909 4092 974 4155 dn·
1031 4109 1181 4163 netarum
1198 4094 1316 4171 omnia,
1334 4094 1478 4161 simodo
1492 4094 1562 4162 lide
1580 4088 1756 4183 agassur

232 4207 345 4275 gustae
377 4192 647 4275 appellationem,
681 4193 833 4277 quamdiu
865 4194 975 4277 Traja·
1033 4196 1228 4263 inficiantur.
1250 4195 1607 4295 VulguitPoeoolrius
1622 4198 1757 4284 epigm·

233 4316 294 4357 nus
330 4295 432 4377 patris
460 4293 583 4378 patriae
616 4314 737 4357 nomen
775 4311 974 4373 recusasset,
1032 4321 1103 4377 ma,
1124 4297 1235 4385 quad
1226 4320 1261 4361 m
1274 4290 1756 4385 Memnoniserurelsgitnrltr·

234 4418 368 4480 quarum
400 4400 554 4481 exemplo
582 4410 717 4460 recente
744 4396 830 4462 sorte
859 4412 892 4460 ot
917 4421 975 4464 usa
1031 4401 1343 4487 jusseutentiaeffi

268 4622 465 4690 )Vctorm
480 4621 556 4698 Eprt
632 4622 668 4694 b)
687 4622 862 4685 Victorlc
938 4630 968 4701 c)
986 4622 1201 4707 Tullemontp
1210 4643 1274 4694 ιῡο.
1347 4628 1608 4703 d)L.V11.015,
1677 4626 1759 4685 ela

233 4726 300 4786 neg.
319 4720 400 4775 edi
475 4712 827 4789 &Inscriptmantpssz
