4012 5370
220 498 299 593 tto
846 470 1170 550 dimovit.

220 616 324 689 rium,
358 613 392 673 in
419 610 515 695 hajaa
539 607 648 673 nomia
671 605 713 671 ad
736 627 855 673 annam
874 608 917 678 V.
932 610 970 673 C.
1028 608 1135 671 numia
1152 604 1308 671 Romania
1330 628 1406 671 uam
1428 626 1496 673 non
1520 620 1583 675 eat.
1627 608 1713 673 Eam
1733 622 1775 675 ta-

219 720 283 799 757
328 713 478 777 diximus.
543 710 643 796 Atqui
680 708 858 773 meandum
887 711 971 776 liano
1028 730 1106 774 men
1123 709 1175 771 illi
1189 708 1303 773 tribuit
1317 730 1435 775 namna
1453 709 1563 773 uitari
1584 710 1635 793 θ),
1649 725 1685 775 et
1699 732 1774 775 non·

221 818 324 902 ipaam
357 815 467 899 legem
492 814 716 897 Rheaouporia
736 813 879 898 Boapori
899 834 971 891 rex,
1028 812 1119 876 nulla
1147 832 1319 877 marmora·
1369 814 1406 873 ln
1436 812 1544 877 nomia
1574 812 1774 877 coloniarum

221 919 278 1005 qai
301 918 364 981 eibi
377 916 506 982 Tiberii
518 916 650 982 nomina
669 914 813 993 addidit,
843 934 916 979 aeae
935 914 972 976 in
1026 912 1206 997 Hiapaniae
1227 934 1327 999 aaepe
1348 912 1468 979 dieitur
1488 916 1580 981 fflP.
1607 912 1711 979 inataa·
1725 934 1775 979 eo·

220 1022 327 1084 nomio
358 1040 427 1082 non
458 1020 540 1083 dixit
578 1019 744 1083 itherium
778 1019 973 1093 Claudium,
1031 1016 1203 1101 gnominis.
1243 1018 1296 1079 De
1319 1016 1387 1079 ltoe
1410 1014 1507 1080 tilulo
1529 1014 1629 1079 latina
1649 1016 1705 1103 agi
1728 1038 1774 1081 aa·

221 1123 279 1186 aed
304 1124 468 1185 Tiberium
486 1122 623 1184 Iulium.
659 1118 813 1204 Denique
838 1118 973 1182 nimiam
1029 1139 1090 1202 pra
1106 1118 1142 1180 in
1158 1117 1266 1183 namia
1282 1117 1456 1183 adannam
1471 1118 1512 1187 V·
1529 1118 1568 1185 C.
1582 1136 1659 1202 wo.

90 1272 98 1289 .
220 1225 353 1288 ineante
378 1222 695 1307 calumnienter,
724 1221 752 1285 ai
766 1218 896 1284 Claudii
916 1242 976 1286 no·

220 1346 298 1391 men
318 1323 486 1388 dedinent
502 1322 689 1407 Caligulae,
715 1342 814 1407 quem
837 1321 903 1406 jam
919 1323 975 1385 Ti·
1244 1306 1372 1369 1²01ss
1394 1306 1588 1369 Pssm'flss·

220 1428 332 1491 berino
348 1426 547 1492 'observavit
571 1423 767 1488 Claudianae
791 1423 903 1490 domni
919 1425 968 1487 in·
1088 1420 1227 1517 Quando
1258 1422 1346 1487 hano
1366 1421 1497 1487 titalam
1512 1419 1579 1487 tibi
1601 1418 1766 1497 addiderit.

221 1532 368 1606 feneum,
403 1544 437 1593 et
464 1528 527 1593 aoli
554 1541 702 1590 materno
733 1528 850 1609 generi
880 1526 969 1591 addi·
1025 1524 1165 1591 diximaa
1183 1524 1332 1590 adanam
1348 1525 1390 1594 V·
1409 1526 1447 1593 C.
1464 1543 1540 1607 79¹·

221 1647 307 1695 ctum
333 1634 374 1711 ¹).
417 1628 593 1714 Oportebit
621 1648 702 1711 ergo
725 1627 812 1691 hane
835 1648 968 1692 numam

221 1749 275 1796 aut
304 1734 417 1795 dicero
446 1728 637 1804 confictam,
681 1744 736 1791 aut
766 1730 968 1813 epigraphen
1322 1712 1482 1795 Augur·
1613 1802 1617 1809 Ι

220 1837 305 1898 male
340 1835 477 1908 lectam,
512 1845 566 1894 aut
591 1843 683 1894 certe
706 1830 842 1894 llienaee
864 1831 965 1896 moria
1086 1828 1224 1913 Legitur
1257 1828 1291 1891 in
1321 1851 1439 1909 namo,
1469 1830 1635 1917 quemad
1660 1850 1762 1897 annun

221 1937 360 2002 Romani
378 1936 521 2020 ignaros.
1024 1929 1068 1998 V.
1086 1931 1123 1996 C.
1138 1950 1201 2015 79⁰
1221 1932 1393 2017 propoani,
1407 1946 1441 1999 et
1457 1934 1635 2021 explicavi.

490 2118 703 2199 Caligula.
1254 2116 1557 2185 Germanicus.

283 2239 361 2301 Dixi
380 2235 554 2323 principio,
568 2234 654 2299 hunc
662 2233 852 2298 Germanioi
866 2234 972 2298 filium
1092 2236 1190 2299 Hono
1211 2235 1342 2299 titnlnm
1366 2236 1607 2303 hereditarium
1627 2234 1764 2303 nabatea

221 2364 280 2409 ore
317 2338 407 2423 vulgi
429 2336 609 2421 Caligulam
638 2334 740 2398 iniaae
773 2336 972 2421 appellatam
1029 2350 1122 2422 patre
1144 2350 1271 2404 atavo.
1303 2340 1357 2402 Eo
1378 2339 1414 2403 in
1433 2341 1542 2403 nnmia
1562 2338 1641 2405 iada
1659 2338 1763 2407 alt'm·

221 2446 348 2527 adjecta
380 2440 450 2525 ejna
484 2438 625 2501 nominis
656 2458 761 2502 oanaa.
820 2444 865 2500 At
890 2459 972 2501 vero
1029 2460 1074 2502 no
1093 2440 1133 2507 V.
1151 2439 1188 2504 C.
1210 2456 1273 2522 poa
1295 2438 1428 2523 aignatia
1450 2462 1528 2505 naua
1549 2440 1687 2527 ampliat
1704 2456 1765 2507 m

221 2544 390 2630 plebeium
411 2539 498 2603 istud
513 2558 634 2602 nomen
650 2559 764 2602 antam
776 2558 843 2601 non
859 2551 910 2602 eat
925 2539 974 2600 in·
1027 2554 1101 2617 eat,
1123 2552 1158 2603 ut
1175 2536 1297 2613 dietum
1313 2539 1355 2606 ad
1373 2542 1461 2607 huno
1476 2564 1609 2607 annam.

221 2649 312 2711 ferre
329 2642 449 2728 pedem
466 2643 502 2703 in
520 2653 732 2705 monumenta
748 2639 888 2726 publiea,
906 2652 973 2705 tam
1092 2679 1094 2685 >
1485 2660 1488 2665 ·

222 2770 355 2836 parum,
381 2764 477 2829 quam
501 2743 607 2806 aerius
625 2743 756 2806 nomina
767 2742 969 2821 Commune,
1275 2726 1308 2791 T
1307 2730 1323 2789 ἰ
1330 2740 1344 2789 i
1350 2728 1412 2791 ⁰²3
1432 2728 1497 2791 θ’θ’
1503 2730 1529 2793 1'·

222 2866 257 2917 et
279 2848 463 2934 Elagabali‚
495 2845 578 2908 illud
599 2866 659 2929 per
680 2844 892 2929 ignominiam
917 2845 974 2908 da·
1093 2844 1194 2908 Teate
1209 2844 1369 2909 Suetonio
1384 2844 1417 2929 (¹)
1434 2844 1768 2923 dietwinitl'iasd'i·

221 2962 289 3017 lam
318 2950 436 3014 Severi
456 2947 544 3025 filio,
566 2947 628 3011 hoo
656 2946 858 3010 Soaemiadie
890 2946 971 3009 filio.
1029 2945 1097 3011 tius
1120 2959 1321 3027 castrorum,
1349 2950 1453 3011 Pater
1469 2950 1670 3025 exoratam..
1683 2948 1768 3029 Opti-

220 3060 296 3119 Non
312 3068 422 3116 tamen
441 3050 495 3112 hie
511 3046 801 3133 praetereundum,
819 3048 907 3133 qaod
919 3070 971 3115 re·
1028 3067 1120 3118 mas.
1148 3048 1341 3126 Maximus,
1366 3062 1401 3114 et
1415 3061 1502 3113 teate
1527 3052 1651 3113 Ioanne
1664 3046 1767 3109 Antio·

221 3157 289 3219 sert
304 3155 424 3237 Pagina
445 3148 496 3232 b)‚
519 3161 670 3212 testatam
692 3148 907 3229 Toinardum,
931 3172 968 3215 ae
1028 3148 1135 3210 cheno
1161 3146 1259 3211 etiam
1273 3150 1492 3215 Britannicus
1510 3169 1555 3214 ex
1570 3148 1689 3215 vitiatia
1702 3146 1774 3209 nau

222 3275 356 3322 numum
380 3253 543 3315 Graecum
567 3248 707 3326 vidisse,
734 3249 770 3309 in
797 3271 863 3336 qno
883 3253 972 3315 Cali-
1028 3261 1198 3311 tannerom
1221 3250 1357 3327 aeortia,
1381 3266 1417 3317 nt
1434 3250 1577 3317 ditium
1596 3250 1639 3315 ad
1657 3270 1766 3315 mnan

220 3359 323 3441 gulae
347 3371 467 3416 nomen
493 3350 675 3433 legebatur.
717 3351 792 3412 Non
817 3371 905 3435 nego
923 3353 970 3415 vi·
1028 3349 1068 3418 V·
1085 3352 1122 3413 C.
1139 3370 1215 3433 79⁰·
1244 3352 1415 3415 Bacchum
1436 3360 1534 3419 etiam
1551 3366 1717 3429 voratam,
1737 3362 1769 3415 et

222 3461 328 3535 dnae,
345 3455 404 3519 sed
418 3474 550 3516 namum
565 3452 665 3516 fuieae
682 3450 866 3547 antiquam!
880 3472 968 3539 nege
1025 3452 1219 3517 Bacchioam
1235 3467 1361 3519 tentem
1378 3454 1526 3519 indutam
1544 3452 1767 3541 prodiviatein

220 3576 316 3644 atque
335 3575 494 3643 pernego.
1025 3552 1214 3637 publicum,
1235 3569 1346 3621 narrat
1357 3555 1549 3621 Athenaeus
1569 3560 1613 3641 e).
1650 3558 1766 3625 vam

1026 3656 1088 3718 hoa
1104 3655 1215 3721 titulae
1229 3677 1288 3721 aaa
1305 3656 1347 3719 ab
1362 3656 1569 3737 adulatione,
1588 3678 1647 3723 aen
1660 3656 1767 3721 intem·

474 3742 496 3803 1
499 3760 608 3822 ΜΡΝ
617 3750 663 3799 “i
670 3760 712 3799 θ’
714 3783 721 3797 ·
1028 3757 1191 3839 perantia,
1236 3778 1298 3823 aea
1332 3758 1564 3827 malevolentia
1597 3770 1765 3842 eoneeptoa

287 3864 362 3926 Hoc
392 3860 487 3925 titulo
516 3872 667 3942 tanquam
693 3857 906 3942 praenomina
936 3856 971 3921 ia
1027 3858 1168 3925 reticent
1185 3860 1293 3939 nami,
1307 3874 1342 3927 et
1358 3880 1532 3925 marmora.

262 4614 291 4680 a]
311 4608 397 4666 Philo
413 4606 513 4683 Legat.
525 4602 564 4657 nd
581 4608 685 4678 Caium
699 4616 730 4673 p-
743 4608 805 4660 551.
884 4597 919 4671 b)
942 4599 1015 4657 Crit.
1032 4600 1128 4657 Baton
1146 4598 1185 4657 ad
1197 4620 1264 4659 ann.
1283 4562 1413 4667 Chim.
1427 4616 1508 4661 nunt.
1522 4610 1548 4667 ο.
1629 4606 1658 4675 a)
1676 4600 1752 4657 Pana

230 4688 316 4757 Num.
331 4700 425 4777 lmpp.
501 4695 532 4769 d)
552 4701 623 4779 Cap.
637 4716 682 4766 22,
763 4695 794 4766 e)
813 4692 937 4768 Dipnoa.
953 4689 987 4749 L.
997 4688 1039 4753 tv
1041 4732 1047 4745 .
1067 4711 1097 4768 p.
1111 4700 1169 4754 143.
