4012 5370
646 477 1135 568 rnaeoorro
1315 543 1319 553 .
1448 462 1530 520 ·’
1643 499 1684 561 11
1825 487 1830 495 ’

106 699 134 755 a
156 667 333 789 cogqitis
353 667 516 782 legibus
535 662 757 775 diversum,
787 681 862 753 aut
881 682 1092 780 peccatur,
1120 685 1194 757 aut
1215 674 1545 789 saltem—peccari
1557 675 1677 764 ⁴oide-

108 823 190 895 tur.
217 795 316 894 Non
332 803 634 921 posttdabimus
660 818 754 890 tum
771 805 825 888 ab
851 816 1046 916 ‘anctore,
1074 822 1124 894 ut
1152 812 1240 925 ejus
1270 811 1476 899 dissensus
1505 843 1675 902 causam

111 956 318 1060 exponat,
351 966 534 1056 eumque
562 955 636 1027 aut
670 942 856 1026 incuriae
886 945 1233 1055 monetariorum,
1280 963 1355 1034 aut
1383 929 1680 1064 permutationi
1809 1064 1810 1069 Ν

112 1083 358 1189 matricum,
386 1092 461 1164 aut
478 1091 616 1164 certae
633 1078 805 1186 rationi,
833 1079 906 1164 sed
927 1079 1045 1165 nobis
1076 1083 1213 1168 minus
1233 1086 1443 1198 cognitae,
1471 1088 1673 1202 imputet;

111 1235 159 1306 at
172 1215 497 1333 postulabimus,
520 1229 570 1303 ut
587 1245 684 1301 eum
703 1215 935 1300 dissensum
952 1215 1106 1303 habeat
1123 1234 1407 1333 perspectum,
1436 1253 1486 1307 ac
1504 1237 1595 1309 tum
1614 1225 1678 1311 in·

116 1357 256 1442 dicare
281 1385 367 1468 non
391 1353 595 1469 negligat,
622 1382 800 1439 numum
828 1383 917 1438 esse
943 1382 1042 1441 vere
1061 1356 1302 1469 antiquum,
1330 1358 1515 1452 adhaec
1529 1388 1676 1447 sanum

116 1508 161 1580 et
176 1487 386 1602 nussum,
415 1491 622 1606 nihilque,
649 1491 694 1577 in
715 1518 797 1606 quo
821 1488 1029 1600 dissentit,
1059 1519 1211 1605 anceps
1231 1507 1273 1579 et
1293 1497 1548 1611 ambiguum.
1582 1508 1675 1611 Quo

114 1643 236 1745 pacto
254 1629 556 1736 obtinebimus,
585 1627 813 1714 non'modo
837 1641 885 1713 ut
902 1628 964 1712 rei
983 1628 1244 1714 insolentiam
1262 1658 1414 1717 vocare
1432 1635 1478 1718 in
1499 1635 1677 1718 dubium

114 1797 199 1855 oon
226 1767 456 1880 possimus,
482 1765 553 1851 sed
583 1778 632 1851 ut
660 1765 792 1849 omnis
823 1765 949 1849 etiam
977 1765 1148 1861 tollatur
1175 1768 1378 1879 suspicio,
1408 1769 1532 1879 illud,
1564 1758 1677 1885 quod
1786 1795 1789 1799 ’

111 1905 296 1991 insolens
313 1903 499 2013 videtur,
527 1930 580 1988 ex
597 1901 844 2016 typographi
867 1901 1004 2014 potius
1025 1901 1188 1985 incuria
1206 1903 1387 1994 fluxisse.
1421 1914 1558 2018 Quam
1587 1910 1677 2021 qui.

114 2044 214 2127 dem
242 2041 479 2129 cautionem
515 2054 565 2126 ut
591 2041 682 2156 jure
707 2040 751 2123 in
777 2040 1039 2124 Mediobarbi
1067 2040 1254 2154 catalogo
1282 2040 1581 2155 desideramus,
1621 2046 1678 2132 ita

111 2205 362 2266 econverso
391 2178 648 2292 experimur,
677 2177 713 2261 si
731 2176 804 2289 qui
830 2176 947 2261 numi
967 2204 1198 2292 repugnare
1216 2179 1444 2285 rationibus
1462 2181 1678 2269 chronolo-

113 2319 218 2433 gicis
239 2317 510 2425 videbantur,
548 2342 694 2400 eorum
719 2315 840 2397 illum
864 2315 1077 2398 mentione
1095 2315 1280 2401 studiose
1301 2308 1558 2422 abstinuisse.
1590 2320 1675 2404 Ex-

110 2469 226 2541 stant
254 2455 373 2539 numi
391 2452 570 2566 Philippi
595 2451 766 2570 junioris
798 2451 1005 2564 inscripti:
1043 2455 1086 2536 P.
1104 2453 1161 2537 M.
1179 2453 1263 2536 TR.
1281 2453 1324 2540 Ρ.
1343 2454 1405 2540 Vl.
1425 2457 1537 2542 Cos.
1559 2459 1602 2542 P.
1616 2460 1680 2564 P,
1811 2452 1814 2465 '

111 2593 228 2707 iique
256 2604 372 2677 tanto
397 2617 594 2698 numero,
632 2602 681 2674 ut
709 2587 931 2673 verisimile
960 2619 1044 2673 non
1073 2589 1147 2696 sit,
1183 2617 1253 2673 eos
1281 2590 1381 2698 viri,
1408 2594 1480 2705 qui
1509 2624 1677 2679 omnem
1735 2590 1738 2600 ’

110 2758 234 2815 suam
253 2756 422 2843 operam
439 2725 745 2842 conquirendae
765 2738 957 2810 monetae
975 2728 1018 2810 R.
1039 2723 1219 2835 addixit,
1248 2728 1392 2842 fugere
1419 2729 1675 2846 diligentiam
1826 2742 1829 2747 ’

112 2866 305 2981 potuisse.
333 2866 498 2950 Tamen
518 2891 664 2949 eorum
681 2864 844 2949 nullum
861 2863 906 2948 in
926 2864 1014 2974 ejus
1033 2864 1207 2976 Augusti
1226 2881 1394 2950 moneta
1417 2868 1670 2982 descriptum

111 3004 317 3118 rqtcrias,
344 3000 458 3088 haud
487 3000 635 3111 dubie,
665 2999 777 3114 quod
806 2998 1132 3085 monetariorum
1151 3000 1196 3082 in
1215 3000 1265 3084 iis
1292 3002 1490 3088 feriundis
1511 3004 1674 3118 lapsum

112 3156 176 3228 ost
193 3141 449 3256 suspicatus,
478 3138 551 3253 qui
566 3165 777 3246 aversam,
809 3166 915 3251 quoe
937 3135 1067 3250 patris
1089 3150 1175 3244 est,
1203 3137 1287 3223 filio
1305 3138 1573 3249 adduxerint,
1604 3155 1678 3227 aut

112 3277 228 3393 quod
247 3307 319 3364 eos
345 3307 488 3364 omnes
520 3307 609 3362 esse
631 3275 758 3390 patris
778 3274 956 3388 Philippi
984 3275 1166 3387 putavit,
1209 3276 1287 3360 etsi
1310 3277 1436 3376 facies
1459 3279 1677 3394 juvenilior

112 3416 278 3501 nullum
305 3417 511 3528 relinquat
542 3414 740 3520 dubium,
765 3413 840 3498 filii
867 3412 910 3496 in
938 3411 987 3495 iis
1014 3426 1140 3525 caput
1157 3442 1247 3497 esse
1264 3416 1530 3527 propositum
1560 3415 1678 3499 Addo

110 3567 322 3662 veterem,
348 3552 585 3667 justamque
602 3550 861 3638 eruditorum
878 3548 1125 3662 querelam,
1155 3550 1200 3633 in
1220 3579 1270 3634 eo
1290 3553 1479 3666 catalogo
1500 3552 1675 3637 mentio-

94 3723 215 3781 nem
236 3689 406 3806 quidem
435 3688 590 3774 metalli
609 3689 782 3796 factam,
812 3703 856 3774 at
881 3687 1075 3771 omissam
1093 3686 1220 3770 fuisse
1251 3715 1365 3794 eam,
1395 3716 1502 3801 quae
1530 3718 1679 3774 numo·
1801 3705 1806 3733 ‘

113 3858 213 3914 rum
234 3825 540 3943 magnitudines
557 3827 803 3940 explicaret,
834 3851 1012 3938 quarum
1036 3836 1177 3907 tamen
1205 3822 1430 3934 indicium,
1459 3827 1679 3938 praecipue

112 3970 158 4052 in
181 3981 351 4052 moneta
366 3992 507 4070 aenea,
538 3966 590 4048 ad
614 3964 746 4050 varias
770 3990 834 4046 res
855 3962 1162 4076 cognoscendas
1180 3991 1350 4076 magnas
1379 3962 1512 4047 adfert
1533 3992 1679 4075 oppor-

112 4105 323 4190 minutas.
444 4146 448 4153 ·
525 4125 529 4133 ’

204 4241 342 4327 Multa
360 4240 496 4325 adhuc
522 4239 696 4326 dicenda
719 4242 853 4325 forent
876 4240 929 4321 de
960 4233 1199 4349 sphalmatis
1226 4238 1378 4350 passim
1406 4237 1558 4345 obviis,
1580 4264 1682 4349 quo·

113 4409 213 4467 rum
234 4406 385 4491 magna
406 4405 500 4491 pars
530 4408 613 4462 non
631 4390 793 4490 poterat
810 4376 889 4461 nisi
913 4375 966 4457 ab
989 4373 1168 4457 auctoris
1188 4374 1466 4483 festinatione,
1496 4389 1537 4458 et
1559 4403 1683 4486 opera

99 4516 400 4629 ‚perbrnctoria
424 4514 638 4628 proficisci.
667 4516 736 4599 Ait
758 4547 795 4599 v.
813 4543 871 4621 c.,
900 4512 955 4595 M.
977 4510 1204 4594 Antonium
1225 4510 1385 4594 dictum
1403 4511 1529 4598 fuisse
1554 4514 1684 4624 impe-

119 4663 298 4733 ratorem
319 4649 514 4730 allatuin
538 4639 684 4728 urbem
698 4648 915 4774 Catilinae
935 4645 1088 4751 capite,
1119 4642 1301 4752 citatque
1321 4645 1408 4754 ejus
1427 4657 1575 4729 testem
1588 4647 1695 4726 Dio-·

1303 4789 1378 4868 ba
