4012 5370
803 366 1200 445 Dontttnttvs,
1703 395 1779 474 595
1903 456 1907 465 .

222 537 310 597 lMP.
329 532 513 596 ansnn.
531 536 689 613 scripturn
706 539 818 598 autin
834 556 972 623 gyrum,
1032 539 1124 600 abest
1149 540 1327 622 epigraphe
1353 495 1548 610 Domitiani
1568 549 1779 614 manentibus

222 652 282 701 aut
300 641 336 698 in
352 637 511 718 epistylio
533 638 648 716 templi
665 638 758 698 Iovis
779 639 972 720 Capitolini,
1032 639 1187 719 reliquis,

221 741 275 800 vel
295 738 463 810 Palladis,
487 738 541 797 vel
557 740 711 804 aliorum.
730 739 799 801 tlt.
818 738 982 821 (Metelli,
1191 743 1281 806 IMP.
1313 743 1472 810 DOMIT.
1505 746 1607 813 AVG.
1640 747 1776 816 GERH.

220 838 284 903 tab.
304 841 359 900 tx.
381 861 412 902 n.
436 839 559 920 1—5.)
1190 843 1285 907 COS.
1308 845 1362 910 x1.
1379 851 1430 910 ·in
1451 849 1550 912 aliis:
1581 850 1675 913 COS.
1703 852 1776 920 XV.

367 943 498 1002 Antica
516 943 656 1001 incerta.
1096 943 1099 952 '
1194 946 1303 1028 Caput
1321 949 1498 1032 Apollinis
1514 951 1714 1017 laureatum.

220 1043 326 1107 lovi.
347 1039 550 1107 CVSTODI.
573 1041 640 1102 vel:
661 1041 880 1105 IVPPITER.
898 1040 969 1106 CV·
1029 1043 1062 1108 S.
1076 1042 1113 1108 C.
1132 1044 1243 1126 Lyra,
1267 1048 1339 1112 vel:
1367 1049 1506 1133 Serpens
1525 1052 1650 1131 tripodi
1665 1054 1783 1133 impie-

221 1144 344 1206 STOS.
367 1144 399 1204 S.
417 1143 453 1205 C.
479 1141 630 1223 Iuppiter
647 1145 761 1203 sedens
777 1145 807 1204 d.
817 1143 968 1226 fulmen,
1024 1163 1100 1219 aus,
1118 1145 1187 1210 vel:
1209 1149 1334 1211 Corvus
1348 1170 1439 1211 ramo
1454 1154 1623 1221 insistens.
1644 1153 1686 1214 in
1699 1156 1779 1217 aliis

220 1249 276 1308 vel
294 1245 524 1309 Victoriolam.
543 1243 617 1304 ΑΕ.
630 1245 654 1304 Ι.
674 1242 852 1325 (Morelli.)
1033 1251 1126 1308 a.‘est
1141 1249 1320 1329 epigraphe
1336 1251 1541 1316 Domitiani.
1674 1310 1676 1313 ,

265 1344 438 1407 Suetonius
458 1348 504 1424 t):
532 1343 658 1406 Novam
677 1360 787 1407 autem
805 1347 970 1407 excitavis
1195 1351 1285 1416 tue.
1320 1352 1479 1418 nortlt'.
1508 1350 1611 1419 Ave.
1643 1353 1785 1416 anun,
1864 1395 1868 1399 -

220 1451 334 1509 aedem
359 1449 395 1508 in
424 1445 590 1525 Capitolio
621 1446 830 1508 CVSTODI
852 1446 966 1510 IOVI.
1195 1453 1232 1512 in
1245 1452 1326 1515 aliis
1340 1451 1456 1514 addito
1471 1453 1654 1524 COS.XV.
1671 1459 1777 1540 Caput

220 1551 357 1612 Causam
380 1545 469 1608 addit
492 1544 623 1608 Tacitus
645 1543 696 1626 b):
724 1545 877 1607 nimirum
902 1546 969 1607 Do·
1117 1616 1123 1622 Ὃ
1197 1551 1328 1615 Cereris
1344 1556 1445 1634 spicis
1462 1559 1669 1622 coronatum.

219 1650 388 1713 mitianum
413 1648 446 1706 in
467 1645 628 1728 Capitolio
652 1667 693 1709 ex
717 1648 968 1713 Vitellianorum
1031 1650 1122 1716 8.(1.
1157 1654 1227 1714 Vas
1251 1655 1520 1730 prominentibus
1551 1660 1669 1737 spicis,
1692 1656 1784 1735 ivel:

220 1750 431 1835 inquisitione
449 1749 611 1832 elapsum,
631 1769 710 1811 mox
724 1752 897 1830 imperium
913 1750 969 1810 ati·
1029 1750 1146 1832 Spirae
1161 1773 1235 1813 curn
1248 1756 1470 1834 papaveribus
1483 1756 1682 1838 colligatae,
1702 1757 1782 1822 vel:

220 1867 331 1938 epturn
362 1852 472 1912 IOVI
502 1849 710 1911 CVSTODI
736 1851 892 1932 templum
920 1851 971 1914 irt-
1029 1850 1137 1918 Novis
1154 1851 1300 1934 expanso
1317 1855 1401 1917 velo.

217 1975 320 2037 gens,
342 1971 439 2030 seque
455 1955 491 2013 irs
509 1955 584 2014 sinu
601 1954 655 2014 dei
669 1957 863 2015 sacravisse.
1195 1956 1283 2017 IMP.
1316 1955 1477 2018 Domi.
1504 1957 1607 2024 Ave.
1638 1958 1776 2026 Galim.

1196 2058 1303 2136 Caput
1327 2059 1489 2120 Palladis.

1030 2152 1085 2217 10.
1104 2154 1161 2220 10.
1181 2159 1367 2226 TRIVMP..
1379 2159 1495 2221 Arbor
1511 2161 1630 2226 olivae.
1653 2162 1781 2235 (Theu-

1027 2259 1123 2339 poli.)

265 2356 406 2420 Iudicavi
431 2376 526 2437 supra
550 2353 581 2414 in
609 2368 737 2418 moneta
762 2356 971 2440 Vespasiani,
1069 2357 1217 2421 Eandem
1240 2379 1387 2423 aversam
1410 2360 1530 2424 habeut
1558 2361 1656 2424 'etiam
1684 2364 1778 2425 numi

221 2463 287 2524 hoc
306 2461 488 2542 imperante
508 2455 651 2538 signatos
669 2455 769 2520 fuisse
788 2479 970 2523 numnsae·
1027 2460 1194 2538 nonnulli,
1238 2481 1320 2545 quos
1354 2461 1442 2525 inter
1470 2475 1611 2527 tesseras
1643 2467 1780 2548 reponi·

221 2583 303 2624 neos
327 2560 476 2621 minimae
505 2557 641 2622 formae.
678 2558 775 2621 Exile
802 2559 889 2621 istud
913 2579 970 2622 aes
1026 2582 1109 2627 mus.

222 2663 387 2748 copiosius
410 2674 459 2722 est
484 2659 543 2719 sub
559 2660 765 2735 Domitiano,
790 2674 887 2742 atque
910 2660 970 2722 eti·
1067 2664 1235 2725 Hactenus
1252 2659 1408 2737 vidimus,
1431 2673 1525 2744 typos
1542 2684 1676 2728 eversae
1696 2683 1777 2728 con·

222 2790 275 2827 am
290 2764 349 2826 sub
367 2775 588 2845 consequente
603 2762 712 2845 paullo
727 2775 801 2845 post
816 2761 967 2841 Trajano.
1027 2776 1151 2827 stanter
1176 2762 1299 2827 referri
1321 2761 1362 2825 atl
1384 2762 1532 2841 numine,
1565 2785 1702 2849 quorum
1722 2785 1778 2829 ca·

222 2871 293 2928 Hos
310 2867 396 2927 inter
413 2865 563 2925 numulos
580 2863 777 2938 multisunt,
795 2862 850 2947 qui
867 2864 969 2946 impe·
1027 2864 1093 2949 pita
1111 2863 1144 2926 in
1159 2863 1263 2928 antica
1282 2877 1520 2948 proponuntur.

221 2969 466 3050 ratorisneque
487 2979 597 3047 caput,
624 2986 731 3050 neque
751 2963 972 3027 nomennffe·
1190 2967 1279 3040 lMP.
1309 2965 1467 3030 Dottt'r.
1501 2966 1603 3035 AVG.
1635 2967 1776 3033 GERtt.

212 3084 317 3146 runt,
334 3066 481 3131 nonnulli
497 3081 604 3129 tamen
622 3090 682 3151 per
699 3081 801 3150 typos,
819 3082 854 3129 nt
870 3069 970 3150 conji·
1190 3072 1227 3134 in
1245 3068 1368 3131 medio:
1391 3068 1425 3132 δ’.
1442 3068 1480 3133 C.

223 3194 301 3238 cere
317 3172 406 3246 lieet,
421 3170 588 3253 pertinere
606 3170 645 3232 ad
656 3168 875 3232 Domitianum
891 3191 967 3253 cog·
1029 3170 1240 3234 Rhinoceros.

222 3288 413 3338 noscuntur.
435 3274 485 3333 Ex
502 3272 551 3333 his
570 3292 639 3347 eus,
657 3273 712 3356 qui
728 3273 967 3336 memorabilio-
1069 3273 1153 3335 Tres
1179 3271 1214 3333 iti
1234 3292 1337 3356 genus
1361 3269 1487 3333 numuli
1510 3284 1583 3333 sunt
1605 3271 1637 3331 in
1661 3292 1780 3335 museo

223 3389 378 3449 sessum,
399 3388 431 3436 et
449 3387 540 3437 certe
559 3374 753 3445 Domitiani,
779 3375 832 3436 hic
853 3395 968 3438 recen·
1027 3376 1208 3451 Caesareo,
1238 3372 1326 3455 iique
1347 3371 1565 3456 integerrimi.
1610 3376 1646 3433 ln
1671 3373 1774 3435 omni·

224 3479 321 3552 sebo,
339 3477 445 3538 dilatis
462 3475 597 3557 reliquis
616 3475 654 3538 ad
670 3476 843 3558 imperium
859 3477 968 3559 'l'raja-
1027 3475 1087 3537 bus
1103 3474 1154 3538 his
1172 3495 1213 3538 ex
1228 3473 1451 3537 rhinocerotis
1468 3471 1599 3534 naribus
1617 3472 1683 3536 duo
1700 3495 1774 3537 con

224 3581 268 3643 ni.
299 3579 336 3640 ld
361 3599 463 3660 genus
489 3579 578 3638 numi
599 3577 704 3640 videri
728 3591 862 3660 possunt
885 3578 970 3661 apud
1026 3599 1090 3639 aua
1119 3576 1352 3659 protuberent,
1387 3574 1543 3650 alterum,
1579 3572 1669 3656 quod
1697 3596 1774 3658 pro·

224 3681 415 3744 Morellium
431 3681 464 3740 in
474 3679 662 3741 Domitiano
676 3680 738 3742 tab.
749 3679 869 3752 XXV„
886 3677 970 3761 apud
1026 3679 1099 3762 pius
1120 3677 1238 3742 rictum
1261 3689 1330 3753 est,
1352 3677 1504 3762 longius,
1524 3676 1663 3740 alterum
1686 3677 1775 3760 paul·

225 3784 427 3844 Gessnerum
452 3783 515 3843 tab.
543 3783 696 3858 mxvii,
727 3781 817 3843 etin
844 3780 970 3843 Catalo·
1027 3780 1060 3841 lo
1082 3778 1196 3857 altius,
1223 3791 1258 3842 et
1278 3777 1384 3841 minus
1406 3777 1607 3862 prominens.
1634 3779 1773 3843 'limine

226 3905 268 3966 go
286 3885 391 3946 musei
412 3883 563 3948 Caesarei
588 3885 626 3947 ad
653 3885 776 3947 calcem
796 3903 969 3945 numerum
1027 3894 1078 3944 est
1091 3881 1218 3966 speeies
1234 3880 1480 3944 rhinocerotum
1496 3878 1697 3959 binomium,
1715 3901 1773 3944 en

228 3986 368 4069 'trajani
1027 4005 1100 4046 rum
1122 3996 1230 4047 tamen
1252 3982 1316 4065 jam
1338 3983 1518 4047 meminere
1542 3995 1685 4049 veteres.
1719 3983 1772 4048 De

390 4087 475 4149 lite.
506 4086 665 4149 DOMIT.
698 4086 801 4151 Ave.
834 4085 971 4152 GERM.
1028 4085 1125 4147 simili
1144 4084 1301 4148 Martialis
1323 4085 1371 4167 ο);

244 2192 297 2252 De
317 2191 426 2252 numis
442 2194 554 2252 aeneis
573 2189 638 2252 111.
656 2189 710 2250 oei
724 2188 788 2254 IV.
799 2189 946 2270 formae.

389 4189 485 4254 COS.
503 4190 602 4250 Xllli.
632 4189 738 4268 Caput
759 4189 921 4253 Palladis.
1069 4186 1220 4267 Namque
1237 4207 1374 4270 gravem
1403 4185 1595 4252 GEMINO
1617 4187 1779 4251 CORNV

231 4293 261 4356 8.
276 4292 311 4354 C.
334 4290 485 4366 Noctua,
505 4292 559 4352 vel
573 4291 664 4352 oleae
685 4310 809 4353 ramus.
832 4290 872 4351 ln
891 4291 971 4352 aliis
1356 4290 1406 4352 sie
1423 4291 1548 4352 extulit
1567 4312 1690 4354 ursurn.
1776 4350 1782 4358 .

265 4507 294 4571 a]
318 4504 391 4578 Cap.
406 4516 430 4564 5.
504 4502 540 4573 b)
561 4500 634 4557 llist.
649 4501 697 4557 111.
713 4510 756 4562 rt.
832 4503 862 4572 c)
882 4501 945 4559 tit.
963 4502 1097 4578 Spectrc.
1114 4502 1206 4578 epigr.
1225 4513 1272 4565 tt.

271 4596 364 4672 (Vol.
385 4594 460 4672 VI.)
675 4614 678 4618 ’
1106 4646 1111 4655 .
1427 4593 1459 4652 I)
1481 4591 1547 4653 tid
