4012 5370
240 459 312 530 ltl'l

172 648 175 653 -
239 612 371 696 Traiani
403 608 567 694 triumpho
596 627 771 686 coaevum,
811 608 871 673 scd
907 607 984 671 antia

236 717 340 778 multo
355 713 558 796 posterioria,
573 710 751 796 legendum
766 712 892 795 potius:
910 710 982 777 OB.

237 818 503 882 Tllll'llPlaules
540 817 643 881 DlVl.
678 814 877 887 'malaoth
911 832 983 873 nam

236 942 277 982 rr
294 920 401 981 Dione
420 930 546 979 constat
562 928 607 993 ὓ),
633 914 824 999 imperatori
843 914 983 996 'l'rajnno

236 1024 300 1084 vita
330 1021 443 1083 iuncto
472 1022 658 1103 spectacula
688 1018 789 1081 fuisso
821 1040 840 1081 a
870 1030 984 1079 conatu

237 1124 385 1197 decreta,
414 1142 497 1205 quac
522 1121 681 1183 Parthico
707 1133 781 1182 aunt
807 1118 983 1203 appellata,

234 1239 268 1287 ct
289 1223 455 1295 celebrata
478 1221 681 1305 permultos
702 1240 822 1296 annoa,
850 1218 982 1282 tandem

231 1325 348 1409 peragi
371 1322 533 1388 desivero.
564 1320 658 1414 Quae
675 1322 740 1384 Dio
759 1320 911 1386 Parthica
936 1320 983 1382 di·

233 1427 295 1501 cit,
329 1424 446 1488 eadem
467 1422 553 1486 haut]
576 1421 675 1485 dubie
697 1436 787 1499 aunt,
816 1443 898 1508 quae
927 1442 981 1487 ve·

232 1545 283 1591 tua
305 1525 535 1591 llalendarium
557 1550 575 1589 a
597 1525 774 1589 Lambeoio
799 1545 840 1587 ex
863 1524 980 1586 biblio·

230 1633 328 1694 theca
356 1632 516 1692 Caesarea
545 1627 669 1690 editam
700 1639 795 1691 vocat
824 1627 980 1691 'totvm-

230 1734 425 1808 PHALES,
449 1745 483 1793 ot
502 1729 612 1814 adligit
631 1730 673 1795 ad
687 1730 776 1795 XIV.
791 1728 863 1793 llal.
880 1726 980 1790 Octo·

229 1835 325 1908 brea,
354 1834 409 1917 qni
437 1831 508 1895 dica
538 1833 647 1914 reipsa
674 1830 736 1893 fuit
761 1830 876 1893 natalia
899 1832 979 1891 Tra·

230 1938 306 2019 jani.
352 1936 398 1999 Vt
431 1934 514 1997 adeo
549 1947 677 1996 certum
707 1931 877 2008 videatur,
907 1950 978 1994 cer·

231 2037 349 2099 tamira
392 2036 474 2099 haec
511 2034 752 2111 Palinuron,
796 2052 857 2097 eeu
890 2034 979 2095 ΤΗΙ-

230 2138 463 2205 vanui-lua
497 2135 540 2199 ob
575 2135 707 2219 'l'rajani
743 2136 829 2197 hunc
863 2138 978 2197 trium·

225 2240 329 2323 pirum
346 2240 540 2301 Parthicum
556 2238 658 2301 fuisso
675 2262 692 2301 a
708 2250 821 2300 conatu
835 2235 876 2298 ad
891 2236 976 2298 hunc

231 2341 364 2421 Trajani
385 2340 526 2401 natalem
554 2338 635 2415 lixa,
665 2353 698 2401 et
727 2337 898 2422 quotannis
925 2358 977 2400 ro-

229 2441 344 2504 novati
371 2439 476 2503 solita.
520 2439 617 2504 Vntlc
647 2452 682 2502 ot
708 2459 834 2502 caueam
863 2452 976 2520 peton-

227 2541 301 2604 dam
329 2540 503 2617 existimo,
540 2562 601 2605 cur
630 2554 718 2603 tanto
749 2561 887 2603 numero
921 2561 975 2603 ex-

227 2656 314 2705 atcnt
342 2642 535 2706 contorniati
565 2644 697 2727 'l'rajani
728 2643 869 2728 imagine
900 2642 977 2705 insi·

227 2766 327 2827 gneo,
349 2744 502 2808 nimirum
522 2745 685 2807 distributi
702 2745 789 2807 inter
802 2744 898 2807 ludos
918 2744 975 2807 lto·

226 2869 299 2909 rum
323 2846 566 2931 triumphalium
587 2867 682 2911 causa
702 2862 808 2922 actua,
837 2868 873 2911 ac
898 2868 974 2909 con·

225 2950 279 3030 jici
305 2963 484 3033 propterea
510 2949 607 3011 otiam
630 2970 747 3033 poeno,
779 2950 839 3012 lios
862 2950 973 3011 trium·

225 3052 339 3134 phalea
360 3071 582 3133 nequaquam,
613 3065 649 3112 ut
672 3064 781 3113 narrat
807 3053 889 3126 Dio,
920 3071 973 3114 ce·

225 3151 348 3213 lebrari
368 3150 505 3226 desitos,
524 3152 586 3211 niai
602 3151 689 3213 forto
708 3154 779 3234 ejus
796 3167 899 3216 aetate
916 3174 972 3216 nc·

225 3252 343 3333 glomi,
371 3250 476 3313 aerius
497 3252 629 3334 cognito
651 3254 684 3314 in
708 3256 890 3337 spectacula
906 3257 972 3317 Ild-

224 3374 392 3416 manorum
410 3352 542 3415 adfectu
558 3355 686 3417 restitui
702 3376 857 3441 coepere.

388 3455 510 3519 DlVO.
538 3458 733 3524 NERVAE.
758 3457 968 3522 TRAIANO.

387 3557 489 3625 AVG.
516 3562 668 3622 Protome
690 3561 834 3637 Iinjnni.

224 3662 257 3721 S.
281 3661 318 3721 P.
342 3658 384 3751 Q.
407 3660 446 3719 ll.
477 3661 600 3726 Dll‘O.
632 3662 841 3726 tonnano.
869 3662 970 3721 Pan-

223 3760 371 3824 ΤΗΙΟΟ.
391 3760 529 3822 Aurora
543 3766 695 3842 sifacem
710 3766 923 3839 luculentum,
941 3787 968 3829 s.

218 3866 367 3943 palaream
382 3875 497 3925 tenens
510 3867 546 3924 in
559 3885 669 3940 curru,
681 3885 775 3943 nerem
786 3867 836 3926 leo
849 3878 882 3926 ct
893 3884 969 3944 oper

215 3968 328 4041 juncti
338 3963 476 4026 trahunt
486 3986 495 4043 3
508 3968 679 4044 praecedit
689 3967 850 4027 Hercules
862 3969 969 4029 nudus

222 4070 251 4127 d.
270 4067 399 4129 clavum
415 4087 513 4147 super
527 4067 671 4132 laramero.
695 4070 766 4132 ΑΕ.
784 4089 866 4130 max.
880 4066 967 4132 mod.

263 4170 488 4230 Praestantena
518 4168 603 4230 huno
633 4190 767 4231 numum
794 4171 968 4254 singularia

220 4270 289 4352 typi
307 4291 402 4332 causa
419 4292 623 4355 nequaquam
641 4272 875 4354 negligendum
892 4294 968 4335 cen·

223 4372 290 4445 eui,
326 4373 387 4434 etsi
417 4372 565 4447 rideam,
595 4375 799 4436 annnnullis
829 4396 904 4437 eum
933 4376 967 4436 in

220 4475 430 4538 contorniatis
461 4475 589 4557 putari,
626 4474 667 4538 do
702 4498 767 4560 quo
800 4476 873 4541 uide
903 4478 968 4539 lla·

257 4686 287 4741 23
308 4683 339 4737 ι.
358 4683 453 4739 unm.
473 4688 533 4755 §.a

608 4685 643 4756 b)
666 4684 702 4739 dr
720 4686 862 4743 Contoru.
882 4708 912 4763 p.
926 4700 971 4760 95.

854 432 1187 511 TRAIANVS.

1042 624 1251 689 rercampum
1272 601 1315 685 ¹³).
1346 602 1431 689 Apti
1451 602 1642 693 allegoriae
1663 606 1784 695 aliapoai·

1043 708 1200 783 tie‚·tum
1224 720 1259 771 et
1280 704 1405 769 urticae
1433 726 1512 771 cum
1538 730 1660 775 averna
1685 730 1786 789 ccum,

1043 828 1141 893 quem
1167 808 1224 875 rix
1252 828 1394 892 unquam
1414 808 1449 871 in
1470 822 1545 873 totu
1577 810 1785 875 contoruiatu·

1043 934 1115 973 rum
1137 909 1267 993 agmine
1292 910 1459 992 reperiat,
1489 910 1638 991 faciunt,
1668 928 1783 977 utnon

1043 1027 1175 1095 gravato
1218 1010 1381 1075 adsentiar
1421 1014 1682 1099 Harercampo,
1721 1036 1784 1079 cum

1044 1136 1086 1177 ox
1109 1114 1165 1179 rili
1186 1134 1303 1179 eorum
1323 1112 1428 1175 cheae
1450 1112 1631 1179 eximenti.
1668 1118 1714 1181 At
1729 1138 1784 1181 nou

1043 1215 1260 1295 satisfaciunt,
1304 1234 1521 1301 quaecunque
1555 1216 1603 1281 aul
1635 1238 1712 1281 eum
1740 1240 1785 1283 ex·

1040 1317 1226 1401 plicandum
1242 1317 1312 1384 aive
1331 1312 1492 1395 Erizena,
1513 1318 1591 1383 aive
1609 1320 1783 1397 Tritum,

1039 1420 1109 1484 aive
1132 1432 1334 1505 postremum
1350 1418 1606 1503 Havercampuc
1624 1422 1730 1487 alicua
1745 1442 1784 1487 aa·

1039 1542 1101 1599 no,
1127 1534 1162 1585 et
1182 1522 1282 1607 longe
1303 1522 1460 1587 arcessita
1482 1524 1644 1589 attulere.
1686 1522 1784 1587 Enim·

1039 1642 1120 1689 tero
1137 1622 1354 1707 'Priumphum
1366 1625 1519 1690 Aurorae
1535 1626 1629 1691 (luce
1645 1626 1784 1709 Tnjmo.

1037 1743 1126 1789 novo
1152 1724 1300 1789 Hercule
1325 1740 1563 1809 procuratum,
1595 1728 1695 1794 victi·
1723 1726 1783 1791 lm·-

1038 1824 1143 1903 barie,
1173 1827 1265 1890 velut
1293 1828 1468 1907 monstris,
1500 1828 1546 1893 atl
1577 1830 1698 1915 jugum
1720 1828 1782 1893 atla·

1037 1927 1097 1992 etia
1118 1948 1235 1995 verum
1255 1928 1354 1995 video
1375 1928 1513 1994 illustria
1542 1930 1646 2015 liujus
1673 1930 1779 1997 cimelii

1036 2044 1275 2113 argumentum.
1301 2032 1414 2096 Facile
1435 2046 1489 2095 eat
1510 2022 1692 2113 evincere,
1711 2036 1779 2117 liga·

1035 2151 1105 2192 ram
1133 2151 1233 2195 carru
1258 2148 1385 2199 rectam
1408 2154 1483 2197 oeae
1506 2136 1697 2213 Auroram,
1723 2156 1776 2199 noa

1035 2252 1136 2309 vero,
1160 2232 1250 2317 quod
1272 2236 1343 2299 aliia
1363 2236 1486 2313 riuum,
1508 2258 1574 2301 ceu
1594 2238 1775 2311 Victoriam,

1036 2353 1094 2396 aou
1121 2335 1259 2399 Dianam
1287 2336 1414 2403 alatam.
1450 2340 1505 2401 Ex
1535 2340 1617 2425 lege
1648 2360 1775 2405 comma·

1033 2435 1069 2495 ni
1087 2436 1236 2501 Aurorae
1252 2450 1376 2501 tantum
1392 2452 1429 2503 et
1445 2440 1541 2519 alne,
1567 2456 1605 2507 et
1624 2442 1681 2507 fax
1700 2462 1772 2508 com·

1033 2550 1159 2619 petunt.
1190 2538 1318 2603 illatam
1343 2539 1445 2605 habea
1468 2542 1504 2605 in
1526 2543 1685 2609 Denariia
1708 2566 1771 2629 geu·

1033 2640 1074 2700 tie
1095 2639 1260 2720 Plautiae,
1289 2640 1397 2706 facem
1426 2643 1581 2728 praefert
1606 2646 1643 2709 in
1669 2644 1767 2731 inuigcl

1032 2761 1131 2804 numo
1154 2742 1378 2807 Alexandrino
1401 2765 1478 2810 cum
1502 2748 1616 2833 capite
1638 2750 1677 2815 Ῑι.
1692 2748 1768 2823 vai,

1032 2864 1130 2927 quem
1160 2845 1240 2907 olim
1265 2844 1354 2908 edidi
1376 2849 1418 2929 ο).
1453 2848 1559 2935 Atqui
1579 2864 1676 2917 vetur
1695 2870 1765 2921 mou.

1031 2959 1136 3009 terrae
1155 2946 1188 3008 in
1207 2958 1314 3010 ortum
1334 2946 1410 3011 ritae
1428 2948 1536 3029 Solia,
1560 2954 1616 3017 vel
1634 2954 1762 3016 Aurum

1031 3043 1173 3131 imagine
1199 3048 1406 3115 adumbrare.
1447 3050 1504 3114 Sic
1533 3054 1569 3115 in
1595 3056 1701 3119 numia
1722 3074 1763 3117 aa·

1030 3148 1097 3211 reia
1124 3149 1273 3231 Traiani,
1304 3151 1456 3236 signatio,
1489 3174 1533 3218 ex
1556 3176 1625 3243 quo
1648 3156 1687 3223 atl
1706 3154 1761 3219 lel-

1031 3250 1098 3311 lum
1116 3251 1304 3315 Parthicum
1325 3253 1495 3335 profectur
1521 3272 1592 3337 eat,
1616 3279 1709 3347 caepe
1725 3258 1760 3323 ti·

1030 3353 1107 3418 deas
1137 3348 1245 3439 (rapot¹
1261 3355 1368 3432 Solia,
1398 3368 1434 3419 et
1463 3380 1530 3443 qao
1558 3374 1706 3449 tempora
1726 3360 1758 3423 la.

1029 3457 1137 3520 Verus
1154 3456 1279 3521 bellum
1297 3478 1372 3523 cum
1385 3458 1516 3523 Parthia
1533 3464 1657 3548 genuit,
1671 3464 1760 3549 cigna·

1029 3572 1079 3621 tus
1101 3572 1151 3622 eat
1170 3560 1389 3626 Alexandriae
1414 3580 1553 3641 namur,
1579 3588 1675 3652 quem
1695 3586 1758 3629 mox

1028 3660 1141 3737 citavi,
1163 3673 1241 3745 typo
1257 3664 1425 3741 Aurorae,
1448 3678 1484 3728 et
1499 3666 1667 3753 adscripto
1680 3664 1757 3743 ltut..

1028 3762 1117 3845 quotl
1147 3763 1341 3827 vocabulum
1367 3764 1504 3830 Graecia
1537 3772 1679 3833 Aurora
1706 3784 1756 3835 eat.

1027 3866 1178 3949 Denique
1211 3866 1245 3927 in
1278 3866 1385 3931 numia
1414 3868 1493 3934 indo
1523 3870 1565 3933 ab
1595 3872 1754 3937 Aureliano

1027 3966 1158 4049 signatis
1174 3982 1369 4052 perpetuum
1387 3982 1454 4033 eett
1479 3971 1655 4043 omens.
1671 3974 1753 4041 AVG.

1025 4082 1103 4152 typo
1134 4069 1232 4136 Solia.
1274 4071 1342 4133 lam
1371 4091 1452 4136 cero
1480 4074 1514 4137 in
1545 4078 1691 4142 omnibus
1712 4074 1753 4139 lia

1026 4174 1244 4234 monumentis
1267 4174 1344 4249 Sol,
1373 4174 1443 4239 aire
1466 4176 1595 4241 Aurora
1616 4176 1754 4244 urbiani·

1025 4287 1094 4335 tum
1116 4272 1277 4353 indicant,
1306 4276 1363 4361 qui
1382 4278 1586 4363 principibus
1615 4296 1649 4347 ct
1672 4280 1752 4353 betti.

1025 4389 1060 4439 et
1081 4375 1184 4438 laudis
1207 4378 1376 4443 materiem
1400 4382 1631 4466 suppeditavit.
1658 4386 1750 4465 Atura

1026 4498 1067 4539 cx
1097 4476 1161 4542 hoc
1189 4498 1282 4543 more
1307 4482 1468 4566 Virgilius
1494 4506 1626 4573 qnoque
1651 4498 1749 4571 matra

1046 4690 1078 4760 e)
1099 4688 1218 4767 Sylloge
1234 4692 1256 4749 1.
1272 4710 1304 4767 p.
1315 4702 1359 4754 te
