4012 5370
833 368 1178 466 nouimus.
1711 397 1783 481 ,49

224 538 318 612 sisoi,
357 557 422 621 quo
442 534 657 598 Alexandrini
675 535 746 618 ejus
768 538 883 599 suuis
903 553 970 600 sua·
1091 539 1239 604 Alterius
1254 541 1400 626 nogionis
1415 563 1548 612 numum
1565 548 1688 615 aditum
1705 565 1771 618 non
1893 617 1896 625 ,

225 641 360 703 moriana
382 651 633 703 renovaverunt.
1026 633 1175 724 asperia

860 853 1138 919 PRETIVM.

420 995 524 1059 Aurei
571 1025 1359 1051 .........

420 1096 581 1182 Argentei

422 1200 528 1261 Aeaei
544 1200 568 1261 1.
588 1197 738 1290 formae,
751 1195 810 1261 aad
831 1217 912 1282 quos
933 1195 1000 1258 disi
1022 1216 1094 1262 ease
1115 1197 1226 1265 verius
1245 1200 1359 1265 Domi·

505 1300 594 1362 tiliae
617 1301 704 1362 filiae
764 1330 1359 1354 ·······
1474 1351 1483 1368 .

426 1401 607 1463 Commatis
627 1402 810 1482 peregrini,
831 1420 898 1464 nou
919 1413 1046 1465 exstant
1065 1400 1130 1466 uisi
1146 1401 1361 1468 Alexandrini

506 1501 601 1566 aenei
621 1502 677 1569 111.
701 1499 826 1568 formae
861 1534 1361 1556 ······
1424 1581 1426 1584 .

588 1755 934 1821 DOMITILLA
967 1755 1339 1824 VESPAMAM
1367 1762 1409 1828 F.

285 1936 402 2000 Fuisse
427 1956 499 2002 eam
521 1933 731 2020 Vespasiani,
760 1949 795 2000 et
818 1937 970 2008 Domisss·
1323 1936 1360 2002 N
1365 1942 1471 2004 umis

225 2036 276 2099 lae
298 2039 413 2116 filiam,
440 2052 662 2120 mortuamque
685 2050 758 2098 ante
777 2016 968 2121 Vespasiani
1187 2037 1438 2104 MEMORIAE.
1477 2041 1769 2106 nommant.

226 2140 415 2221 imperium,
442 2165 538 2223 supra
561 2141 594 2199 in
613 2139 686 2219 ejus
702 2152 810 2200 masau
822 2159 869 2200 ex
889 2139 969 2201 Sue·
1187 2141 1223 2202 S.
1240 2142 1276 2200 P.
1297 2141 1338 2233 Q.
1355 2141 1396 2204 R.
1429 2145 1625 2223 Corpentum
1644 2167 1665 2206 a
1684 2147 1772 2209 binis

223 2241 314 2302 aonio
334 2240 440 2302 docui.
472 2244 610 2325 Reliqua
632 2240 701 2321 ejus
722 2241 827 2321 omnia
845 2241 966 2323 ignota.
1188 2243 1291 2303 mulis
1309 2255 1462 2307 tractum.

224 2342 339 2403 filiam
362 2338 476 2404 babuit
499 2343 630 2403 nomine
656 2354 690 2403 et
714 2341 969 2403 hancDomitil-
1027 2336 1113 2401 IMP.
1146 2339 1191 2407 Τ.
1228 2340 1411 2408 CAESAR
1441 2340 1543 2410 mvl.
1570 2341 1697 2410 VESP.
1728 2345 1757 2406 F

222 2442 305 2516 lam,
330 2443 521 2526 nuptamT.
541 2442 654 2503 Flavio
675 2442 837 2505 Clementi
855 2443 968 2506 Doms
1026 2437 1127 2506 AVG.
1157 2439 1195 2506 Ρ
1221 2444 1266 2502 Μ.
1292 2443 1361 2507 TR.
1385 2446 1422 2510 Ρ.
1443 2445 1480 2509 P.
1500 2447 1537 2506 Ρ.
1562 2445 1659 2512 (208.
1681 2450 1768 2518 Vlll

222 2543 299 2606 sioni
322 2543 535 2619 consobaino,
564 2558 597 2605 et
618 2542 658 2606 ab
680 2543 760 2618 huc,
784 2565 857 2626 quse
876 2544 969 2607 Cisra
1026 2563 1062 2602 ιιι
1082 2543 1207 2602 snedso
1234 2543 1321 2608 S.C
1344 2545 1456 2609 auu

222 2648 323 2707 stiana
352 2667 441 2706 sacra
471 2644 616 2720 colebat,
646 2645 843 2728 relegatam,
876 2647 967 2729 cujus
1086 2641 1229 2727 Numam
1248 2644 1353 2720 nune,
1375 2665 1473 2727 quem
1494 2647 1649 2711 continuo
1672 2672 1769 2735 supra

223 2747 305 2808 duos
323 2746 424 2820 iiiios,
446 2747 678 2829 Vespasianum
698 2760 731 2808 et
747 2747 966 2807 Domitianum
1024 2739 1059 2800 iu
1084 2754 1214 2829 mopeta
1238 2742 1430 2806 Domitillae
1453 2747 1566 2809 matris
1591 2748 1766 2833 descripsi,

224 2847 355 2931 imperii
382 2845 523 2909 heredes
554 2846 726 2909 destinavit
749 2848 967 2922 Domitianus,
1025 2862 1098 2904 esse
1128 2842 1329 2925 probabilius
1358 2844 1548 2910 Domitillae
1575 2848 1767 2933 Vespasiani

221 2963 257 3010 ut
278 2948 423 3011 dicemus
444 2948 529 3011 inira
549 2949 583 3009 in
602 2948 804 3031 Vespasiano
827 2948 966 3028 juniore.
1023 2942 1127 3019 filiae,
1144 2942 1265 3007 eodem
1282 2946 1358 3010 loco
1376 2946 1516 3030 probare
1534 2963 1667 3013 conatus
1683 2972 1766 3026 sum,

225 3050 310 3115 Vide
339 3051 380 3112 de
409 3050 507 3113 variis
536 3051 587 3111 his
614 3050 793 3110 Domitillis
823 3048 968 3130 Spanha·
1025 3066 1122 3131 quem
1139 3043 1203 3109 adi.

222 3152 323 3212 mium
346 3154 392 3230 ι),
423 3165 456 3213 et
483 3164 592 3215 notam
619 3150 765 3216 Raimari
790 3149 831 3212 ad
852 3148 966 3212 Dionia
1283 3174 1303 3214 a
1383 3130 1407 3169 ⁸
1489 3179 1511 3217 a

220 3256 258 3318 L.
274 3254 403 3321 LXVII.
425 3260 452 3332 p.
469 3264 516 3329 14.
1084 3249 1224 3310 Nuauum
1243 3272 1260 3311 a
1278 3247 1445 3313 Chiffletio
1461 3250 1584 3315 editum
1605 3274 1678 3337 curu
1697 3255 1765 3338 epi·

1021 3351 1163 3433 grapho:
1194 3349 1446 3415 MEMORIAE.
1470 3351 1761 3423 DOMITILLAE.

1018 3453 1122 3519 mvl.
1138 3449 1257 3534 VEsp.
1272 3450 1310 3513 F.
1327 3471 1399 3513 esse
1414 3455 1574 3536 spurium,
1592 3470 1667 3538 poss
1681 3458 1763 3523 Har·

1018 3551 1153 3616 duinum
1171 3552 1282 3615 docuit
1299 3551 1472 3616 Bimurdass
1488 3551 1532 3636 ¹‘).

519 3833 777 3900 vEsPasla
807 3830 987 3895 Pomm
1019 3832 1285 3913 Vesp'uss'nna'
1314 3843 1460 3898 mator.

283 3991 398 4054 Pollae
431 4014 564 4054 numum
596 4010 730 4052 aeneum
764 3989 803 4053 11.
837 3986 963 4050 formae
1020 4006 1113 4069 qaam
1131 3983 1266 4050 utisssd
1281 3984 1761 4071 adridesopassatpossossosi,

219 4093 367 4176 possedit
386 4093 463 4153 olim
484 4092 697 4158 Vindobonae
717 4091 750 4151 iu
769 4109 883 4152 museo
902 4108 961 4151 suo
1019 4098 1109 4149 tauto
1140 4086 1290 4149 acerbius
1312 4086 1466 4170 injuriam
1496 4088 1634 4168 ienensi,
1672 4091 1761 4174 quod

220 4196 378 4277 losephus
409 4197 576 4271 Hauerus,
616 4213 755 4275 eumque
785 4189 962 4274 genuinum
1019 4185 1165 4251 vendere
1183 4209 1329 4251 moseum
1350 4210 1442 4251 suum
1456 4177 1648 4264 iuaiisuasat.
1672 4191 1764 4258 Vidit

222 4296 386 4376 judicavit.
435 4299 539 4361 Malae
570 4295 647 4357 fidei
675 4306 784 4354 notam
813 4290 962 4354 Rhellins
1019 4289 1120 4372 igitur
1145 4289 1233 4351 orbis
1256 4289 1403 4354 eruditus
1426 4311 1507 4374 opus
1526 4290 1602 4372 justi
1625 4292 1762 4356 volumi·

220 4398 292 4461 data
316 4400 398 4481 typis
421 4401 557 4482 epistola
580 4395 795 4481 importunius
816 4392 962 4476 impegit,
1019 4391 1070 4454 nis
1092 4390 1295 4474 inscriptum
1332 4393 1403 4456 loa.
1421 4393 1554 4472 Ioseph}
1577 4393 1700 4455 nobilis
1723 4397 1763 4457 de

251 4590 281 4655 a)
303 4589 336 4641 T.
349 4589 383 4645 11.
403 4606 429 4661 p.
442 4592 504 4649 286.
579 4587 611 4656 b)
634 4587 670 4641 ad
687 4585 795 4644 Iobert.
814 4583 847 4636 T.
860 4584 880 4640 1.
899 4542 997 4656 paula
