4012 5370
908 460 1077 536 NERO.
1697 484 1767 550 ιιι

222 655 282 702 seo
307 647 437 699 extare
461 629 504 696 ed
526 625 667 694 eundem
692 646 825 692 numum
843 632 966 695 Morel·
1023 631 1155 694 Tacitus
1184 629 1318 694 alterius
1342 631 1509 717 *enumeris
1544 632 1691 698 meminit
1724 639 1765 699 sd

220 738 347 802 lienum
363 736 515 800 observat
529 733 801 814 Harercempus.)
1021 754 1139 798 annum
1160 734 1200 798 V.
1216 734 1252 795 C.
1274 735 1354 810 ono,
1379 737 1533 815 plebique
1555 740 1766 818 congiarium

368 841 415 898 Vr
431 839 484 899 lit.
499 838 536 897 A
549 848 583 895 et
601 834 643 897 Β.
1022 834 1258 914 quadringenti
1278 837 1370 895 numi
1388 838 1516 897 viritim
1537 837 1611 898 dati
1631 839 1673 919 ⁰).
1700 837 1767 904 Ve-

221 937 355 1003 CONG.
374 941 413 1001 11.
432 937 538 997 mn.
557 932 655 996 POP.
683 932 716 997 S.
733 931 771 997 C.
803 932 892 996 Idem
916 946 966 1018 ty·
1021 952 1095 995 rum
1122 932 1162 995 ub
1182 934 1237 994 hie
1260 933 1446 997 unctoribus
1470 937 1629 1020 congiarii
1654 958 1766 1002 nume·

217 1062 293 1122 pur.
314 1040 385 1101 ΔΕ.
399 1040 424 1101 1.
443 1037 541 1118 (Mus.
558 1033 666 1113 Caes.)
755 1062 764 1073 ·
1023 1054 1080 1095 nus
1107 1054 1174 1097 non
1203 1033 1347 1112 additur,
1382 1051 1416 1098 et
1446 1036 1636 1119 largitiones
1665 1038 1764 1111 aliae,

367 1142 486 1213 Alius,
507 1138 573 1200 sed.
1024 1156 1102 1219 quen
1116 1158 1134 1198 a
1149 1136 1281 1198 Nerone
1297 1135 1396 1199 sactae
1409 1151 1602 1213 memorent,
1617 1137 1658 1226 nd
1672 1160 1765 1223 prae·

223 1242 357 1309 CONG.
378 1245 417 1304 11.
439 1241 543 1306 DAT.
563 1236 669 1304 'POP.
692 1241 737 1305 R.
756 1240 789 1304 8.
804 1245 846 1306 C.
876 1240 965 1303 ldem
1022 1236 1186 1312 torinnoe,
1212 1256 1278 1298 uon
1301 1238 1473 1320 populum,
1499 1238 1708 1323 pertinuere,
1731 1253 1768 1303 ut

226 1360 332 1429 ιῃιιι.
355 1344 426 1406 ΔΕ.
442 1344 466 1405 1.
485 1343 584 1423 (Mus.
600 1341 709 1421 Caes.)
1024 1337 1107 1400 adeo
1126 1337 1255 1400 nonnisi
1274 1359 1336 1421 per
1351 1341 1553 1422 conjecturae
1577 1360 1690 1422 parum
1713 1362 1768 1406 aa·

370 1447 415 1505 Vt
431 1445 484 1505 lit.
499 1445 536 1504 A
553 1454 587 1504 et
602 1443 641 1506 B.
666 1495 672 1502 .
1023 1436 1106 1500 lidae
1136 1437 1257 1519 illigari
1287 1441 1386 1504 centis
1413 1442 1505 1504 anuis
1528 1441 1625 1504 citata
1647 1462 1689 1504 ex
1709 1463 1768 1506 nu·

226 1542 357 1612 CONG.
374 1547 414 1606 11.
430 1544 535 1608 DAT.
554 1541 652 1606 POP.
673 1540 756 1606 S.C.
784 1540 966 1624 Imperator
1024 1540 1086 1600 mie
1117 1541 1280 1621 congiaria
1309 1543 1443 1625 possint.
1483 1541 1571 1632 Quid
1598 1541 1660 1605 eibi
1686 1544 1769 1608 >velit

224 1649 338 1712 sedens
346 1648 388 1708 ’in
400 1659 568 1727 suggestu,
577 1645 679 1721 juata
691 1655 807 1705 statua
817 1645 967 1706 Palladis
1025 1639 1132 1704 addita
1157 1640 1299 1704 Palladis
1326 1657 1445 1721 statua,
1481 1643 1624 1707 nondum
1649 1644 1769 1708 intelli·

225 1749 326 1825 aaa,
347 1762 387 1809 ut
402 1750 437 1808 in
451 1749 574 1828 priore,
589 1758 623 1808 et
639 1748 773 1826 insuper
786 1757 881 1807 stans
895 1745 967 1807 aliu
1026 1763 1105 1827 gere
1126 1743 1217 1826 potui
1226 1765 1237 1823 3
1259 1763 1331 1805 nam
1349 1763 1422 1808 eene
1438 1744 1596 1821 Palladia,
1618 1765 1769 1831 compro·

215 1843 348 1933 figura,
380 1847 472 1927 infru
494 1860 589 1909 stans
612 1851 661 1909 vir
684 1859 841 1908 tesseram
862 1846 969 1929 porri·
1024 1843 1080 1906 bnt
1102 1858 1220 1907 noctua
1246 1858 1395 1907 extentae
1421 1845 1490 1927 ejus
1513 1845 1669 1910 dexterae
1693 1847 1770 1909 inti·
1885 1900 1889 1910 .

224 1966 305 2030 gens
320 1951 389 2008 civi
403 1946 457 2008 vel
471 1945 604 2007 mulieri
617 1948 783 2022 adstanti,
800 1967 883 2024 quae
899 1968 968 2008 mu·
1025 1945 1106 2007 tiens
1122 1946 1155 2005 in
1175 1946 1324 2008 omnibus
1347 1947 1441 2028 hujus
1460 1948 1645 2031 argumenti
1656 1947 1767 2011 numia

227 2047 434 2108 nusdiducto
444 2049 520 2107 sinu
536 2049 671 2121 excipit,
682 2069 767 2126 pone
781 2046 967 2128 aedificium
1024 2046 1131 2108 musei
1152 2047 1314 2111 Caesarei.

225 2149 389 2210 whemnis
399 2147 543 2228 fultum.
566 2147 634 2206 ΑΕ.
653 2150 678 2214 Ι.
700 2151 801 2228 (Mun.
817 2147 925 2227 Caco.)
1279 2176 1300 2213 ιι
1384 2130 1404 2168 ”
1487 2179 1507 2214 ι.

288 2247 369 2309 Tria
390 2269 408 2309 ι
425 2249 557 2310 Nerone
581 2248 652 2310 data
672 2248 836 2330 congiaria
860 2246 968 2329 perhi·
1171 2252 1216 2311 Vt
1234 2249 1287 2313 lit.
1299 2249 1331 2310 ’Β
1347 2260 1381 2311 et
1398 2251 1433 2314 O.

224 2348 304 2413 bent
322 2347 494 2430 antiquarii
516 2369 556 2410 cu
578 2349 693 2411 nuntie.
726 2350 872 2410 Primum
893 2368 967 2430 pro·
1025 2347 1259 2416 DECVRSIO.
1286 2351 1320 2414 S.
1339 2351 1375 2416 C.
1409 2354 1484 2413 Duo
1509 2354 1635 2432 equites
1662 2353 1768 2416 citam

227 2450 306 2511 iant
328 2448 449 2511 laudati
472 2470 567 2531 cupra
591 2464 757 2529 auctoree3
788 2449 966 2512 secundum
1026 2470 1140 2526 cursu,
1166 2471 1301 2528 quorum
1329 2473 1416 2514 unus
1438 2453 1587 2526 hastam,
1616 2451 1703 2514 alter
1724 2457 1769 2516 si·

224 2552 258 2613 in
284 2552 393 2612 numia
424 2548 572 2625 obvium,
609 2551 741 2612 tertium
768 2550 846 2612 citet
877 2550 966 2612 eolus
1021 2567 1125 2629 gnum
1143 2532 1291 2612 militare
1306 2563 1404 2615 tenet.
1427 2555 1532 2618 AEJ.
1542 2554 1648 2634 (Mus.
1659 2553 1768 2636 ciem

227 2651 439 2724 Vniiiautius,
472 2650 530 2713 sed
557 2651 682 2728 obiter,
711 2652 801 2714 nulla
823 2651 876 2715 vel
894 2654 968 2736 epi·
1170 2653 1214 2710 Vt
1231 2652 1285 2713 lit.
1300 2654 1348 2716 A.

225 2753 385 2837 graphas,
422 2750 475 2815 vel
503 2751 569 2833 typi
598 2752 680 2815 sacta
708 2754 891 2831 mentione,
929 2756 967 2817 il·
1023 2749 1259 2815 DECVRSIO.
1303 2753 1486 2832 Imperator
1519 2770 1616 2831 eques
1650 2754 1682 2815 d.
1709 2754 1769 2816 ita·

224 2853 347 2937 indque
369 2852 567 2915 rarissimum
590 2867 684 2916 vocat
707 2859 746 2934 ⁸).
782 2855 856 2915 Non
877 2855 967 2916 satie·
1022 2863 1108 2912 stam
1122 2852 1339 2931 praecedente
1354 2855 1462 2914 milite
1478 2872 1551 2912 cum
1569 2855 1665 2932 signo
1681 2855 1769 2914 mili·

223 2953 348 3017 iseiuut
374 2954 564 3038 antiquarii,
606 2953 662 3038 qui
690 2956 854 3038 congiaria
885 2957 966 3023 haec
1023 2955 1106 3025 tari,
1138 2953 1244 3012 altero
1266 2964 1428 3032 sequente.
1461 2952 1533 3019 ΑΕ.
1560 2951 1632 3014 fere
1656 2972 1700 3018 ιιι.
1725 2973 1768 3016 m

224 3055 324 3118 certis
354 3055 446 3118 aunis
476 3055 629 3139 adfigunt.
675 3057 882 3141 Congiarium
915 3058 968 3120 da·
1023 3054 1121 3133 (Mus
1139 3052 1251 3135 Coeo)

224 3168 293 3218 tm
326 3155 426 3220 [uisne
458 3180 476 3220 n
503 3160 636 3221 Nerone
665 3157 767 3234 ludin,
799 3176 880 3242 qno,
906 3182 966 3236 pro
1085 3155 1218 3216 Nerone
1232 3152 1486 3217 adhucCaeeore
1501 3154 1675 3218 institutam
1692 3174 1768 3219 cunt

224 3263 427 3320 aeternitate
443 3281 570 3338 emperor
587 3261 745 3343 suscepit,
764 3274 871 3323 narret
888 3261 967 3322 Sue·
1025 3255 1238 3340 praetorianis
1262 3259 1487 3318 decursionem
1510 3273 1668 3320 memorat
1688 3258 1770 3322 Sue·
1796 3297 1800 3305 ·

223 3360 333 3423 tonius
355 3357 406 3439 b),
435 3361 553 3445 quibua
584 3360 678 3423 sucre
706 3382 822 3442 sparsa
845 3363 966 3442 populo
1025 3358 1132 3419 tonius
1148 3355 1191 3436 d).
1214 3356 1265 3417 An
1281 3357 1363 3420 haec
1381 3376 1459 3420 vero
1476 3356 1625 3421 militaria
1643 3361 1769 3422 exenni·

223 3462 369 3523 missilia
393 3468 539 3526 amnium
563 3483 670 3526 rerum
691 3484 752 3545 per
769 3483 879 3524 ornnes
899 3465 968 3524 dies
1026 3458 1263 3521 tininetitntam
1277 3459 1377 3521 iuiesc
1394 3454 1538 3519 nobilem
1550 3458 1767 3537 juventutem,

222 3565 359 3644 singula
387 3566 536 3640 quotidie
559 3564 680 3626 millia.
713 3565 840 3626 Avium
864 3565 969 3640 cujus·
1026 3573 1116 3641 petet
1148 3581 1189 3622 ex
1220 3562 1275 3635 iin,
1317 3578 1399 3644 qnae
1430 3557 1550 3618 eruditi
1580 3557 1621 3619 nd
1651 3578 1767 3624 numae

222 3682 287 3742 que
309 3668 442 3744 generis
469 3665 646 3746 multiplea
668 3684 790 3745 penus,
827 3678 968 3726 tesserae
1025 3659 1194 3737 Principis
1207 3662 1391 3738 juventutis
1404 3657 1639 3722 disseruerunt.
1669 3661 1766 3725 Vnde

211 3767 481 3847 frumentariae,
500 3768 617 3839 vestis,
635 3778 966 3847 aurum,argentum,
1026 3773 1059 3821 nt
1084 3761 1225 3823 lulianus
1246 3764 1329 3843 Aug.
1360 3759 1393 3821 in
1422 3760 1610 3822 Constantio
1632 3762 1670 3821 11.
1701 3762 1768 3824 leu-

219 3882 393 3946 gemmae,
423 3869 647 3944 margaritae,
679 3867 814 3927 tabulae
839 3868 967 3947 pictae,
1025 3858 1094 3937 dat,
1124 3861 1211 3943 quod
1238 3876 1362 3924 mature
1389 3862 1524 3925 edoctus
1546 3861 1647 3925 suerit
1667 3883 1767 3948 χορει-

222 3969 408 4047 muneipia,
432 3967 598 4043 jumenta,
624 3978 723 4043 atque
747 3968 849 4026 etiam
877 3985 968 4026 man·
1025 3984 1058 4021 ur
1075 3985 1127 4034 rm
1143 3959 1173 4024 ii
1190 3962 1394 4039 confinitate,
1413 3956 1765 4044 ieouorrosirrerare,

221 4079 338 4130 suetae
350 4069 469 4147 flerae,
495 4071 671 4127 nouissime
690 4086 805 4140 naves,
824 4066 965 4140 insulae,
1023 4087 1075 4138 rm
1095 4067 1212 4136 iuncum
1229 4084 1353 4146 τιχιηι,
1382 4065 1506 4126 saltare
1526 4067 1563 4126 in
1586 4069 1704 4143 armis,
1730 4070 1767 4128 iu

223 4171 309 4249 agri.
331 4167 441 4230 Fuere
459 4166 577 4228 hiladi
594 4166 710 4243 iidem,
727 4167 782 4251 qui
799 4180 966 4229 certamen
1023 4166 1078 4227 itis
1093 4166 1280 4240 decurrere,
1295 4168 1443 4243 equitare
1458 4169 1498 4243 e).
1520 4163 1647 4230 nonem
1665 4166 1767 4232 nodo

224 4267 466 4352 quinquennale
485 4268 562 4331 dicti
581 4283 671 4343 eunt,
698 4282 733 4330 ut
750 4281 838 4350 petet
857 4264 964 4340 exiis,
1023 4265 1135 4329 Livius
1153 4265 1234 4328 dixit
1250 4269 1433 4328 exercitum
1453 4269 1638 4344 decurrere,
1661 4281 1695 4332 et
1710 4292 1767 4334 vo·

225 4389 306 4450 qnae
333 4391 432 4452 snpra
454 4369 495 4432 ud
519 4390 638 4431 aunum
660 4371 701 4437 V.
719 4370 755 4431 C.
775 4368 837 4430 813
860 4367 963 4432 attuli.
1024 4366 1109 4429 cavit
1121 4369 1303 4441 decursum,
1322 4378 1355 4427 et
1370 4366 1586 4428 simulacrum
1602 4369 1768 4434 ludicrum

259 4595 291 4662 ι)
311 4592 754 4669 Num.pruest.i'om.1.p.22·
882 4590 1069 4663 b)Cap.1t.
1201 4589 1232 4657 c)
1253 4585 1473 4650 inaniter.
1602 4580 1637 4649 d)
1658 4590 1769 4668 Cup.7.

226 4686 250 4733 e*
275 4681 495 4757 (incipit.
