<?xml version="1.0" encoding="UTF-8"?>
<!DOCTYPE html PUBLIC "-//W3C//DTD XHTML 1.0 Transitional//EN"
    "http://www.w3.org/TR/xhtml1/DTD/xhtml1-transitional.dtd">
<html xmlns="http://www.w3.org/1999/xhtml" xml:lang="en" lang="en">
 <head>
  <title>
</title>
<meta http-equiv="Content-Type" content="text/html;charset=utf-8" />
  <meta name='ocr-system' content='tesseract 3.04.00' />
  <meta name='ocr-capabilities' content='ocr_page ocr_carea ocr_par ocr_line ocrx_word'/>
</head>
<body>
  <div class='ocr_page' id='page_1' title='image "./doctrinanumorum00steigoog/doctrinanumorum00steigoog_0311.png"; bbox 0 0 4012 5370; ppageno 0'>
   <div class='ocr_carea' id='block_1_1' title="bbox 753 361 1382 498">
    <p class='ocr_par' dir='ltr' id='par_1_1' title="bbox 753 361 1382 498">
     <span class='ocr_line' id='line_1_1' title="bbox 753 361 1382 498; baseline 0.011 -6"><span class='ocrx_word' id='word_1_1' title='bbox 753 361 984 494; x_wconf 64' lang='lat' dir='ltr'><strong>viores</strong></span> <span class='ocrx_word' id='word_1_2' title='bbox 1010 418 1282 498; x_wconf 80' lang='lat' dir='ltr'><strong>nanonts.</strong></span> <span class='ocrx_word' id='word_1_3' title='bbox 1381 432 1382 435; x_wconf 53' lang='lat'>‘</span> 
     </span>
    </p>
   </div>
   <div class='ocr_carea' id='block_1_2' title="bbox 675 712 1368 781">
    <p class='ocr_par' dir='ltr' id='par_1_2' title="bbox 675 712 1368 781">
     <span class='ocr_line' id='line_1_2' title="bbox 675 712 1368 781; baseline 0.009 -6"><span class='ocrx_word' id='word_1_4' title='bbox 675 712 964 779; x_wconf 66' lang='lat' dir='ltr'><strong>Hortus</strong></span> <span class='ocrx_word' id='word_1_5' title='bbox 1025 713 1368 781; x_wconf 82' lang='lat' dir='ltr'><em>NERONIS.</em></span> 
     </span>
    </p>
   </div>
   <div class='ocr_carea' id='block_1_3' title="bbox 218 968 1853 4300">
    <p class='ocr_par' dir='ltr' id='par_1_3' title="bbox 218 968 1853 4300">
     <span class='ocr_line' id='line_1_3' title="bbox 1037 968 1782 1055; baseline 0.003 -24"><span class='ocrx_word' id='word_1_6' title='bbox 1037 981 1069 1031; x_wconf 84' lang='lat' dir='ltr'><strong>st</strong></span> <span class='ocrx_word' id='word_1_7' title='bbox 1087 982 1205 1032; x_wconf 75' lang='lat' dir='ltr'><strong>mutata</strong></span> <span class='ocrx_word' id='word_1_8' title='bbox 1220 970 1331 1052; x_wconf 88' lang='lat' dir='ltr'><strong>paullo</strong></span> <span class='ocrx_word' id='word_1_9' title='bbox 1353 984 1426 1054; x_wconf 88' lang='lat' dir='ltr'><strong>post</strong></span> <span class='ocrx_word' id='word_1_10' title='bbox 1444 990 1505 1053; x_wconf 88' lang='lat' dir='ltr'><strong>per</strong></span> <span class='ocrx_word' id='word_1_11' title='bbox 1520 971 1692 1055; x_wconf 83' lang='lat' dir='ltr'><strong>Poppaeae</strong></span> <span class='ocrx_word' id='word_1_12' title='bbox 1711 968 1782 1033; x_wconf 66' lang='lat' dir='ltr'><strong>illc&#39;·</strong></span> 
     </span>
     <span class='ocr_line' id='line_1_4' title="bbox 625 1069 1780 1135; baseline 0.003 -3"><span class='ocrx_word' id='word_1_13' title='bbox 625 1124 629 1132; x_wconf 92' lang='lat'><em>.</em></span> <span class='ocrx_word' id='word_1_14' title='bbox 1036 1069 1152 1133; x_wconf 84' lang='lat' dir='ltr'><strong>cebras</strong></span> <span class='ocrx_word' id='word_1_15' title='bbox 1181 1072 1348 1134; x_wconf 78' lang='lat' dir='ltr'><strong>voluntate</strong></span> <span class='ocrx_word' id='word_1_16' title='bbox 1377 1072 1521 1134; x_wconf 81' lang='lat' dir='ltr'><strong>occultas</strong></span> <span class='ocrx_word' id='word_1_17' title='bbox 1548 1071 1700 1135; x_wconf 86' lang='lat' dir='ltr'><strong>libidines</strong></span> <span class='ocrx_word' id='word_1_18' title='bbox 1733 1075 1780 1135; x_wconf 90' lang='lat' dir='ltr'><strong>nil</strong></span> 
     </span>
     <span class='ocr_line' id='line_1_5' title="bbox 471 1171 1781 1270; baseline 0.004 -39"><span class='ocrx_word' id='word_1_19' title='bbox 471 1203 746 1270; x_wconf 45' lang='lat' dir='ltr'><strong>OCTAVIA·</strong></span> <span class='ocrx_word' id='word_1_20' title='bbox 1037 1172 1102 1234; x_wconf 87' lang='lat' dir='ltr'><strong>tsle</strong></span> <span class='ocrx_word' id='word_1_21' title='bbox 1122 1172 1319 1255; x_wconf 82' lang='lat' dir='ltr'>promeritae</span> <span class='ocrx_word' id='word_1_22' title='bbox 1339 1171 1467 1254; x_wconf 88' lang='lat' dir='ltr'><strong>objicit,</strong></span> <span class='ocrx_word' id='word_1_23' title='bbox 1486 1187 1521 1236; x_wconf 88' lang='lat' dir='ltr'><strong>et</strong></span> <span class='ocrx_word' id='word_1_24' title='bbox 1535 1173 1687 1235; x_wconf 86' lang='lat' dir='ltr'><strong>ininsula</strong></span> <span class='ocrx_word' id='word_1_25' title='bbox 1700 1174 1781 1263; x_wconf 79' lang='lat' dir='ltr'><strong>Pnu-</strong></span> 
     </span>
     <span class='ocr_line' id='line_1_6' title="bbox 1037 1271 1780 1355; baseline 0.001 -23"><span class='ocrx_word' id='word_1_26' title='bbox 1037 1271 1159 1335; x_wconf 84' lang='lat' dir='ltr'><strong>dataria</strong></span> <span class='ocrx_word' id='word_1_27' title='bbox 1187 1273 1324 1350; x_wconf 86' lang='lat' dir='ltr'><strong>claudit,</strong></span> <span class='ocrx_word' id='word_1_28' title='bbox 1366 1272 1496 1336; x_wconf 89' lang='lat' dir='ltr'><strong>demum</strong></span> <span class='ocrx_word' id='word_1_29' title='bbox 1528 1274 1684 1336; x_wconf 75' lang='lat' dir='ltr'><strong>exsolutis</strong></span> <span class='ocrx_word' id='word_1_30' title='bbox 1720 1295 1780 1355; x_wconf 80' lang='lat' dir='ltr'><strong>per</strong></span> 
     </span>
     <span class='ocr_line' id='line_1_7' title="bbox 297 1370 1780 1458; baseline 0.002 -24"><span class='ocrx_word' id='word_1_31' title='bbox 297 1374 377 1434; x_wconf 84' lang='lat' dir='ltr'><strong>Nsta</strong></span> <span class='ocrx_word' id='word_1_32' title='bbox 413 1370 548 1433; x_wconf 82' lang='lat' dir='ltr'><strong>Claudio</strong></span> <span class='ocrx_word' id='word_1_33' title='bbox 579 1370 743 1456; x_wconf 79' lang='lat' dir='ltr'><strong>Augusto,</strong></span> <span class='ocrx_word' id='word_1_34' title='bbox 784 1385 819 1436; x_wconf 84' lang='lat' dir='ltr'><strong>et</strong></span> <span class='ocrx_word' id='word_1_35' title='bbox 846 1372 979 1441; x_wconf 83' lang='lat' dir='ltr'><strong>Valeria</strong></span> <span class='ocrx_word' id='word_1_36' title='bbox 1037 1394 1151 1437; x_wconf 87' lang='lat' dir='ltr'><strong>ornnes</strong></span> <span class='ocrx_word' id='word_1_37' title='bbox 1180 1389 1268 1437; x_wconf 84' lang='lat' dir='ltr'><strong>artus</strong></span> <span class='ocrx_word' id='word_1_38' title='bbox 1297 1375 1390 1440; x_wconf 84' lang='lat' dir='ltr'><strong>venis</strong></span> <span class='ocrx_word' id='word_1_39' title='bbox 1411 1377 1497 1438; x_wconf 92' lang='lat' dir='ltr'><strong>mori</strong></span> <span class='ocrx_word' id='word_1_40' title='bbox 1525 1375 1617 1458; x_wconf 85' lang='lat' dir='ltr'><strong>jubet</strong></span> <span class='ocrx_word' id='word_1_41' title='bbox 1636 1375 1780 1458; x_wconf 87' lang='lat' dir='ltr'><strong>puellam</strong></span> 
     </span>
     <span class='ocr_line' id='line_1_8' title="bbox 234 1472 1779 1562; baseline 0.002 -25"><span class='ocrx_word' id='word_1_42' title='bbox 234 1474 425 1548; x_wconf 73' lang='lat' dir='ltr'><strong>Messalina,</strong></span> <span class='ocrx_word' id='word_1_43' title='bbox 461 1472 648 1558; x_wconf 85' lang='lat' dir='ltr'><strong>etquidem</strong></span> <span class='ocrx_word' id='word_1_44' title='bbox 679 1476 719 1541; x_wconf 83' lang='lat' dir='ltr'><strong>V·</strong></span> <span class='ocrx_word' id='word_1_45' title='bbox 747 1474 783 1537; x_wconf 84' lang='lat' dir='ltr'><strong>C.</strong></span> <span class='ocrx_word' id='word_1_46' title='bbox 814 1479 894 1559; x_wconf 77' lang='lat'><strong>795,</strong></span> <span class='ocrx_word' id='word_1_47' title='bbox 924 1477 1008 1562; x_wconf 21' lang='lat' dir='ltr'><strong>velt</strong></span> <span class='ocrx_word' id='word_1_48' title='bbox 1036 1498 1137 1539; x_wconf 80' lang='lat' dir='ltr'><strong>annos</strong></span> <span class='ocrx_word' id='word_1_49' title='bbox 1166 1475 1274 1540; x_wconf 86' lang='lat' dir='ltr'><strong>natam&#39;</strong></span> <span class='ocrx_word' id='word_1_50' title='bbox 1301 1479 1389 1554; x_wconf 64' lang='lat' dir='ltr'><strong>XX„</strong></span> <span class='ocrx_word' id='word_1_51' title='bbox 1433 1499 1494 1541; x_wconf 89' lang='lat' dir='ltr'><strong>nec</strong></span> <span class='ocrx_word' id='word_1_52' title='bbox 1532 1477 1635 1562; x_wconf 81' lang='lat' dir='ltr'><strong>magis</strong></span> <span class='ocrx_word' id='word_1_53' title='bbox 1664 1476 1779 1552; x_wconf 82' lang='lat' dir='ltr'><strong>forms,</strong></span> 
     </span>
     <span class='ocr_line' id='line_1_9' title="bbox 235 1577 1853 1662; baseline 0.001 -22"><span class='ocrx_word' id='word_1_54' title='bbox 235 1579 313 1658; x_wconf 73' lang='lat'><strong>796,</strong></span> <span class='ocrx_word' id='word_1_55' title='bbox 344 1577 497 1660; x_wconf 87' lang='lat' dir='ltr'><strong>quoniam</strong></span> <span class='ocrx_word' id='word_1_56' title='bbox 526 1589 610 1638; x_wconf 88' lang='lat' dir='ltr'><strong>teste</strong></span> <span class='ocrx_word' id='word_1_57' title='bbox 633 1578 748 1640; x_wconf 88' lang='lat' dir='ltr'><strong>Tacito</strong></span> <span class='ocrx_word' id='word_1_58' title='bbox 770 1598 855 1640; x_wconf 89' lang='lat' dir='ltr'><strong>anno</strong></span> <span class='ocrx_word' id='word_1_59' title='bbox 877 1580 917 1644; x_wconf 86' lang='lat' dir='ltr'><strong>V.</strong></span> <span class='ocrx_word' id='word_1_60' title='bbox 940 1580 977 1643; x_wconf 87' lang='lat' dir='ltr'><strong>C.</strong></span> <span class='ocrx_word' id='word_1_61' title='bbox 1036 1598 1131 1662; x_wconf 84' lang='lat' dir='ltr'><strong>quam</strong></span> <span class='ocrx_word' id='word_1_62' title='bbox 1148 1579 1293 1642; x_wconf 86' lang='lat' dir='ltr'><strong>moribus</strong></span> <span class='ocrx_word' id='word_1_63' title='bbox 1311 1578 1477 1643; x_wconf 82' lang='lat' dir='ltr'><strong>decoram.</strong></span> <span class='ocrx_word' id='word_1_64' title='bbox 1505 1580 1779 1662; x_wconf 75' lang='lat' dir='ltr'><strong>Contigerehase</strong></span> <span class='ocrx_word' id='word_1_65' title='bbox 1851 1618 1853 1629; x_wconf 72' lang='lat'>›</span> 
     </span>
     <span class='ocr_line' id='line_1_10' title="bbox 231 1678 1781 1764; baseline 0.001 -21"><span class='ocrx_word' id='word_1_66' title='bbox 231 1682 312 1756; x_wconf 81' lang='lat'><strong>815,</strong></span> <span class='ocrx_word' id='word_1_67' title='bbox 330 1700 396 1764; x_wconf 83' lang='lat' dir='ltr'><strong>quo</strong></span> <span class='ocrx_word' id='word_1_68' title='bbox 410 1692 535 1741; x_wconf 88' lang='lat' dir='ltr'><strong>mortua</strong></span> <span class='ocrx_word' id='word_1_69' title='bbox 552 1690 617 1753; x_wconf 88' lang='lat' dir='ltr'><strong>est,</strong></span> <span class='ocrx_word' id='word_1_70' title='bbox 632 1680 746 1758; x_wconf 82' lang='lat' dir='ltr'><strong>puella</strong></span> <span class='ocrx_word' id='word_1_71' title='bbox 758 1683 913 1741; x_wconf 84' lang='lat' dir='ltr'><strong>vicesimo</strong></span> <span class='ocrx_word' id='word_1_72' title='bbox 926 1701 979 1744; x_wconf 84' lang='lat' dir='ltr'><strong>ue·</strong></span> <span class='ocrx_word' id='word_1_73' title='bbox 1036 1701 1120 1742; x_wconf 83' lang='lat' dir='ltr'><strong>anno</strong></span> <span class='ocrx_word' id='word_1_74' title='bbox 1144 1682 1184 1747; x_wconf 84' lang='lat' dir='ltr'><strong>V.</strong></span> <span class='ocrx_word' id='word_1_75' title='bbox 1201 1680 1236 1743; x_wconf 87' lang='lat' dir='ltr'><strong>C.</strong></span> <span class='ocrx_word' id='word_1_76' title='bbox 1253 1681 1314 1742; x_wconf 80' lang='lat'><strong>815</strong></span> <span class='ocrx_word' id='word_1_77' title='bbox 1335 1678 1372 1762; x_wconf 65' lang='grc' dir='ltr'><strong>ί).</strong></span> <span class='ocrx_word' id='word_1_78' title='bbox 1411 1683 1508 1743; x_wconf 88' lang='lat' dir='ltr'><strong>Diem</strong></span> <span class='ocrx_word' id='word_1_79' title='bbox 1524 1681 1644 1743; x_wconf 84' lang='lat' dir='ltr'><strong>indicat</strong></span> <span class='ocrx_word' id='word_1_80' title='bbox 1664 1680 1781 1745; x_wconf 84' lang='lat' dir='ltr'><strong>Sueto·</strong></span> 
     </span>
     <span class='ocr_line' id='line_1_11' title="bbox 233 1778 1779 1866; baseline -0.001 -24"><span class='ocrx_word' id='word_1_81' title='bbox 233 1785 317 1846; x_wconf 81' lang='lat' dir='ltr'><strong>totis</strong></span> <span class='ocrx_word' id='word_1_82' title='bbox 344 1803 430 1843; x_wconf 79' lang='lat' dir='ltr'><strong>anun</strong></span> <span class='ocrx_word' id='word_1_83' title='bbox 453 1783 531 1863; x_wconf 78' lang='lat' dir='ltr'><strong>suit</strong></span> <span class='ocrx_word' id='word_1_84' title='bbox 550 1782 591 1860; x_wconf 68' lang='grc' dir='ltr'><strong>Ι).</strong></span> <span class='ocrx_word' id='word_1_85' title='bbox 637 1780 672 1840; x_wconf 89' lang='lat' dir='ltr'><strong>Si</strong></span> <span class='ocrx_word' id='word_1_86' title='bbox 693 1778 794 1864; x_wconf 81' lang='lat' dir='ltr'><strong>igitur</strong></span> <span class='ocrx_word' id='word_1_87' title='bbox 824 1794 897 1843; x_wconf 86' lang='lat' dir='ltr'><strong>nata</strong></span> <span class='ocrx_word' id='word_1_88' title='bbox 927 1795 978 1844; x_wconf 90' lang='lat' dir='ltr'><strong>est</strong></span> <span class='ocrx_word' id='word_1_89' title='bbox 1034 1782 1122 1859; x_wconf 91' lang='lat' dir='ltr'><strong>nius,</strong></span> <span class='ocrx_word' id='word_1_90' title='bbox 1144 1803 1263 1865; x_wconf 84' lang='lat' dir='ltr'><strong>nempe</strong></span> <span class='ocrx_word' id='word_1_91' title='bbox 1285 1803 1380 1858; x_wconf 89' lang='lat' dir='ltr'><strong>enm,</strong></span> <span class='ocrx_word' id='word_1_92' title='bbox 1403 1783 1467 1866; x_wconf 83' lang='lat' dir='ltr'><strong>qno</strong></span> <span class='ocrx_word' id='word_1_93' title='bbox 1486 1783 1557 1863; x_wconf 88' lang='lat' dir='ltr'><strong>ipse</strong></span> <span class='ocrx_word' id='word_1_94' title='bbox 1575 1793 1650 1864; x_wconf 85' lang='lat' dir='ltr'><strong>post</strong></span> <span class='ocrx_word' id='word_1_95' title='bbox 1664 1800 1779 1843; x_wconf 87' lang='lat' dir='ltr'><strong>sexen-</strong></span> 
     </span>
     <span class='ocr_line' id='line_1_12' title="bbox 234 1873 1776 1967; baseline -0.003 -21"><span class='ocrx_word' id='word_1_96' title='bbox 234 1882 274 1946; x_wconf 83' lang='lat' dir='ltr'><strong>V.</strong></span> <span class='ocrx_word' id='word_1_97' title='bbox 300 1884 337 1945; x_wconf 88' lang='lat' dir='ltr'><strong>C.</strong></span> <span class='ocrx_word' id='word_1_98' title='bbox 357 1885 436 1962; x_wconf 72' lang='lat'><strong>795,</strong></span> <span class='ocrx_word' id='word_1_99' title='bbox 474 1897 540 1943; x_wconf 88' lang='lat' dir='ltr'><strong>tum</strong></span> <span class='ocrx_word' id='word_1_100' title='bbox 566 1873 807 1954; x_wconf 81' lang='lat' dir='ltr'><strong>necesseerit,</strong></span> <span class='ocrx_word' id='word_1_101' title='bbox 836 1883 976 1945; x_wconf 88' lang='lat' dir='ltr'><strong>natalem</strong></span> <span class='ocrx_word' id='word_1_102' title='bbox 1034 1884 1121 1945; x_wconf 91' lang='lat' dir='ltr'><strong>nium</strong></span> <span class='ocrx_word' id='word_1_103' title='bbox 1139 1884 1410 1958; x_wconf 84' lang='lat' dir='ltr'><strong>intersectusest,</strong></span> <span class='ocrx_word' id='word_1_104' title='bbox 1440 1884 1495 1967; x_wconf 87' lang='lat' dir='ltr'><strong>qui</strong></span> <span class='ocrx_word' id='word_1_105' title='bbox 1518 1882 1776 1954; x_wconf 82' lang='lat' dir='ltr'><strong>fuitmensislu·</strong></span> 
     </span>
     <span class='ocr_line' id='line_1_13' title="bbox 234 1983 1776 2064; baseline -0.003 -20"><span class='ocrx_word' id='word_1_106' title='bbox 234 1984 343 2044; x_wconf 75' lang='lat' dir='ltr'><strong>fratris</strong></span> <span class='ocrx_word' id='word_1_107' title='bbox 365 1984 543 2045; x_wconf 80' lang='lat' dir='ltr'>Britannici</span> <span class='ocrx_word' id='word_1_108' title='bbox 575 1984 607 2043; x_wconf 92' lang='lat' dir='ltr'><strong>in</strong></span> <span class='ocrx_word' id='word_1_109' title='bbox 638 2005 754 2044; x_wconf 89' lang='lat' dir='ltr'><strong>annum</strong></span> <span class='ocrx_word' id='word_1_110' title='bbox 781 1993 844 2063; x_wconf 68' lang='lat'><strong>794</strong></span> <span class='ocrx_word' id='word_1_111' title='bbox 876 1983 976 2045; x_wconf 87' lang='lat' dir='ltr'><strong>dimo·</strong></span> <span class='ocrx_word' id='word_1_112' title='bbox 1034 1987 1080 2046; x_wconf 91' lang='lat' dir='ltr'><strong>nii</strong></span> <span class='ocrx_word' id='word_1_113' title='bbox 1107 1986 1177 2048; x_wconf 88' lang='lat' dir='ltr'><strong>dics</strong></span> <span class='ocrx_word' id='word_1_114' title='bbox 1200 1986 1361 2064; x_wconf 76' lang='lat' dir='ltr'><strong>nonustt).</strong></span> <span class='ocrx_word' id='word_1_115' title='bbox 1398 1987 1570 2047; x_wconf 81' lang='lat' dir='ltr'><strong>AScneca</strong></span> <span class='ocrx_word' id='word_1_116' title='bbox 1593 1993 1776 2064; x_wconf 86' lang='lat' dir='ltr'><strong>comparata</strong></span> 
     </span>
     <span class='ocr_line' id='line_1_14' title="bbox 234 2083 1776 2171; baseline -0.003 -24"><span class='ocrx_word' id='word_1_117' title='bbox 234 2105 332 2161; x_wconf 84' lang='lat' dir='ltr'><strong>rere,</strong></span> <span class='ocrx_word' id='word_1_118' title='bbox 376 2084 417 2147; x_wconf 90' lang='lat' dir='ltr'><strong>de</strong></span> <span class='ocrx_word' id='word_1_119' title='bbox 449 2106 512 2171; x_wconf 92' lang='lat' dir='ltr'><strong>quo</strong></span> <span class='ocrx_word' id='word_1_120' title='bbox 544 2085 576 2145; x_wconf 92' lang='lat' dir='ltr'><strong>in</strong></span> <span class='ocrx_word' id='word_1_121' title='bbox 605 2084 698 2166; x_wconf 80' lang='lat' dir='ltr'><strong>hujus</strong></span> <span class='ocrx_word' id='word_1_122' title='bbox 728 2085 792 2147; x_wconf 81' lang='lat' dir='ltr'><strong>vita</strong></span> <span class='ocrx_word' id='word_1_123' title='bbox 823 2083 972 2148; x_wconf 85' lang='lat' dir='ltr'><strong>disserui.</strong></span> <span class='ocrx_word' id='word_1_124' title='bbox 1033 2086 1095 2149; x_wconf 83' lang='lat' dir='ltr'><strong>snit</strong></span> <span class='ocrx_word' id='word_1_125' title='bbox 1111 2089 1242 2164; x_wconf 89' lang='lat' dir='ltr'><strong>lunoni,</strong></span> <span class='ocrx_word' id='word_1_126' title='bbox 1265 2090 1338 2170; x_wconf 84' lang='lat' dir='ltr'><strong>quia</strong></span> <span class='ocrx_word' id='word_1_127' title='bbox 1354 2088 1494 2149; x_wconf 87' lang='lat' dir='ltr'><strong>Neronis</strong></span> <span class='ocrx_word' id='word_1_128' title='bbox 1511 2083 1650 2168; x_wconf 76' lang='lat' dir='ltr'><strong>Augusti</strong></span> <span class='ocrx_word' id='word_1_129' title='bbox 1667 2097 1700 2146; x_wconf 89' lang='lat' dir='ltr'><strong>et</strong></span> <span class='ocrx_word' id='word_1_130' title='bbox 1724 2101 1776 2144; x_wconf 91' lang='lat' dir='ltr'><strong>so·</strong></span> 
     </span>
     <span class='ocr_line' id='line_1_15' title="bbox 234 2185 1427 2274; baseline 0.003 -27"><span class='ocrx_word' id='word_1_131' title='bbox 234 2186 350 2249; x_wconf 74' lang='lat' dir='ltr'><strong>Adhuc</strong></span> <span class='ocrx_word' id='word_1_132' title='bbox 372 2187 476 2248; x_wconf 84' lang='lat' dir='ltr'><strong>infans</strong></span> <span class='ocrx_word' id='word_1_133' title='bbox 499 2187 690 2268; x_wconf 83' lang='lat' dir='ltr'><strong>desponsata</strong></span> <span class='ocrx_word' id='word_1_134' title='bbox 720 2186 781 2248; x_wconf 88' lang='lat' dir='ltr'><strong>fuit</strong></span> <span class='ocrx_word' id='word_1_135' title='bbox 804 2188 844 2250; x_wconf 88' lang='lat' dir='ltr'><strong>L.</strong></span> <span class='ocrx_word' id='word_1_136' title='bbox 863 2186 974 2248; x_wconf 88' lang='lat' dir='ltr'><strong>Silano</strong></span> <span class='ocrx_word' id='word_1_137' title='bbox 1031 2208 1106 2267; x_wconf 91' lang='lat' dir='ltr'><strong>ror,</strong></span> <span class='ocrx_word' id='word_1_138' title='bbox 1129 2190 1292 2274; x_wconf 82' lang='lat' dir='ltr'><strong>etconjux</strong></span> <span class='ocrx_word' id='word_1_139' title='bbox 1306 2189 1368 2252; x_wconf 78' lang='lat' dir='ltr'><strong>fuit</strong></span> <span class='ocrx_word' id='word_1_140' title='bbox 1382 2185 1427 2272; x_wconf 84' lang='lat' dir='ltr'><strong>h).</strong></span> 
     </span>
     <span class='ocr_line' id='line_1_16' title="bbox 232 2287 974 2370; baseline 0 -21"><span class='ocrx_word' id='word_1_141' title='bbox 232 2288 342 2367; x_wconf 77' lang='lat' dir='ltr'><strong>juveni</strong></span> <span class='ocrx_word' id='word_1_142' title='bbox 364 2287 483 2348; x_wconf 82' lang='lat' dir='ltr'>illustri</span> <span class='ocrx_word' id='word_1_143' title='bbox 507 2289 674 2369; x_wconf 84' lang='lat' dir='ltr'><strong>prosapia,</strong></span> <span class='ocrx_word' id='word_1_144' title='bbox 706 2302 739 2349; x_wconf 89' lang='lat' dir='ltr'><strong>et</strong></span> <span class='ocrx_word' id='word_1_145' title='bbox 757 2287 892 2350; x_wconf 87' lang='lat' dir='ltr'><strong>Claudio</strong></span> <span class='ocrx_word' id='word_1_146' title='bbox 912 2288 974 2370; x_wconf 88' lang='lat' dir='ltr'><strong>ipsi</strong></span> 
     </span>
     <span class='ocr_line' id='line_1_17' title="bbox 232 2367 1473 2474; baseline 0.001 -23"><span class='ocrx_word' id='word_1_147' title='bbox 232 2410 291 2470; x_wconf 88' lang='lat' dir='ltr'><strong>per</strong></span> <span class='ocrx_word' id='word_1_148' title='bbox 314 2387 511 2450; x_wconf 80' lang='lat' dir='ltr'><strong>adfinitatem</strong></span> <span class='ocrx_word' id='word_1_149' title='bbox 534 2390 708 2471; x_wconf 81' lang='lat' dir='ltr'><strong>conjuncto</strong></span> <span class='ocrx_word' id='word_1_150' title='bbox 732 2388 774 2474; x_wconf 73' lang='lat'><strong>¹³).</strong></span> <span class='ocrx_word' id='word_1_151' title='bbox 814 2388 913 2450; x_wconf 81' lang='lat' dir='ltr'><strong>Aliud</strong></span> <span class='ocrx_word' id='word_1_152' title='bbox 929 2388 973 2452; x_wconf 83' lang='lat' dir='ltr'><strong>vi·</strong></span> <span class='ocrx_word' id='word_1_153' title='bbox 1153 2427 1158 2436; x_wconf 90' lang='lat'>·</span> <span class='ocrx_word' id='word_1_154' title='bbox 1288 2427 1302 2440; x_wconf 89' lang='lat'><em>-</em></span> <span class='ocrx_word' id='word_1_155' title='bbox 1335 2367 1473 2435; x_wconf 42' lang='lat' dir='ltr'><strong>Numi·-</strong></span> 
     </span>
     <span class='ocr_line' id='line_1_18' title="bbox 231 2487 1731 2573; baseline 0.003 -22"><span class='ocrx_word' id='word_1_156' title='bbox 231 2512 300 2551; x_wconf 84' lang='lat' dir='ltr'><strong>sum</strong></span> <span class='ocrx_word' id='word_1_157' title='bbox 339 2490 554 2572; x_wconf 81' lang='lat' dir='ltr'><strong>Agrippinae,</strong></span> <span class='ocrx_word' id='word_1_158' title='bbox 592 2512 689 2573; x_wconf 84' lang='lat' dir='ltr'><strong>quae,</strong></span> <span class='ocrx_word' id='word_1_159' title='bbox 727 2505 763 2552; x_wconf 88' lang='lat' dir='ltr'><strong>ut</strong></span> <span class='ocrx_word' id='word_1_160' title='bbox 792 2491 971 2552; x_wconf 88' lang='lat' dir='ltr'><strong>Domitium</strong></span> <span class='ocrx_word' id='word_1_161' title='bbox 1076 2493 1278 2555; x_wconf 69' lang='lat' dir='ltr'><strong>commatis</strong></span> <span class='ocrx_word' id='word_1_162' title='bbox 1292 2487 1435 2552; x_wconf 79' lang='lat' dir='ltr'><strong>Romani</strong></span> <span class='ocrx_word' id='word_1_163' title='bbox 1446 2488 1554 2552; x_wconf 88' lang='lat' dir='ltr'><strong>nullus</strong></span> <span class='ocrx_word' id='word_1_164' title='bbox 1570 2492 1731 2573; x_wconf 75' lang='lat' dir='ltr'><strong>cognitus.</strong></span> 
     </span>
     <span class='ocr_line' id='line_1_19' title="bbox 230 2591 1772 2672; baseline 0.004 -20"><span class='ocrx_word' id='word_1_165' title='bbox 230 2613 322 2652; x_wconf 85' lang='lat' dir='ltr'><strong>suurn</strong></span> <span class='ocrx_word' id='word_1_166' title='bbox 343 2592 489 2672; x_wconf 90' lang='lat' dir='ltr'><strong>pluribus</strong></span> <span class='ocrx_word' id='word_1_167' title='bbox 511 2592 647 2653; x_wconf 85' lang='lat' dir='ltr'><strong>vinculis</strong></span> <span class='ocrx_word' id='word_1_168' title='bbox 665 2591 775 2653; x_wconf 90' lang='lat' dir='ltr'><strong>domui</strong></span> <span class='ocrx_word' id='word_1_169' title='bbox 794 2595 971 2654; x_wconf 82' lang='lat' dir='ltr'><strong>Caesareae</strong></span> <span class='ocrx_word' id='word_1_170' title='bbox 1096 2594 1451 2672; x_wconf 78' lang='lat' dir='ltr'><strong>Cotnmutisperegrini</strong></span> <span class='ocrx_word' id='word_1_171' title='bbox 1466 2591 1626 2654; x_wconf 88' lang='lat' dir='ltr'><strong>habentur</strong></span> <span class='ocrx_word' id='word_1_172' title='bbox 1636 2597 1772 2658; x_wconf 88' lang='lat' dir='ltr'><strong>nonnul·</strong></span> 
     </span>
     <span class='ocr_line' id='line_1_20' title="bbox 229 2691 1771 2776; baseline 0.004 -24"><span class='ocrx_word' id='word_1_173' title='bbox 229 2693 392 2774; x_wconf 80' lang='lat' dir='ltr'><strong>illigaret,</strong></span> <span class='ocrx_word' id='word_1_174' title='bbox 419 2693 545 2766; x_wconf 81' lang='lat' dir='ltr'><strong>effecit,</strong></span> <span class='ocrx_word' id='word_1_175' title='bbox 581 2707 616 2754; x_wconf 90' lang='lat' dir='ltr'><strong>ut</strong></span> <span class='ocrx_word' id='word_1_176' title='bbox 640 2692 765 2754; x_wconf 87' lang='lat' dir='ltr'><strong>sublato</strong></span> <span class='ocrx_word' id='word_1_177' title='bbox 788 2714 849 2776; x_wconf 88' lang='lat' dir='ltr'><strong>per</strong></span> <span class='ocrx_word' id='word_1_178' title='bbox 877 2694 971 2755; x_wconf 87' lang='lat' dir='ltr'><strong>salsas</strong></span> <span class='ocrx_word' id='word_1_179' title='bbox 1029 2692 1064 2768; x_wconf 89' lang='lat' dir='ltr'><strong>li,</strong></span> <span class='ocrx_word' id='word_1_180' title='bbox 1083 2707 1116 2754; x_wconf 88' lang='lat' dir='ltr'><strong>et</strong></span> <span class='ocrx_word' id='word_1_181' title='bbox 1132 2692 1282 2776; x_wconf 91' lang='lat' dir='ltr'><strong>plerique</strong></span> <span class='ocrx_word' id='word_1_182' title='bbox 1301 2713 1342 2753; x_wconf 83' lang='lat' dir='ltr'><strong>ex</strong></span> <span class='ocrx_word' id='word_1_183' title='bbox 1357 2691 1408 2752; x_wconf 90' lang='lat' dir='ltr'><strong>his</strong></span> <span class='ocrx_word' id='word_1_184' title='bbox 1423 2691 1517 2754; x_wconf 85' lang='lat' dir='ltr'><strong>valde</strong></span> <span class='ocrx_word' id='word_1_185' title='bbox 1536 2693 1611 2757; x_wconf 88' lang='lat' dir='ltr'><strong>rari.</strong></span> <span class='ocrx_word' id='word_1_186' title='bbox 1635 2696 1771 2759; x_wconf 85' lang='lat' dir='ltr'><strong>Exstant</strong></span> 
     </span>
     <span class='ocr_line' id='line_1_21' title="bbox 230 2792 1769 2871; baseline 0.003 -17"><span class='ocrx_word' id='word_1_187' title='bbox 230 2793 472 2856; x_wconf 85' lang='lat' dir='ltr'><strong>criminationes</strong></span> <span class='ocrx_word' id='word_1_188' title='bbox 508 2795 618 2856; x_wconf 89' lang='lat' dir='ltr'><strong>Silano</strong></span> <span class='ocrx_word' id='word_1_189' title='bbox 648 2796 782 2857; x_wconf 80' lang='lat' dir='ltr'><strong>Octavia</strong></span> <span class='ocrx_word' id='word_1_190' title='bbox 810 2797 970 2871; x_wconf 89' lang='lat' dir='ltr'><strong>Domitio,</strong></span> <span class='ocrx_word' id='word_1_191' title='bbox 1028 2795 1118 2855; x_wconf 91' lang='lat' dir='ltr'><strong>numi</strong></span> <span class='ocrx_word' id='word_1_192' title='bbox 1150 2794 1308 2856; x_wconf 78' lang='lat' dir='ltr'><strong>Teiorum</strong></span> <span class='ocrx_word' id='word_1_193' title='bbox 1335 2793 1465 2867; x_wconf 85' lang='lat' dir='ltr'><strong>loniae,</strong></span> <span class='ocrx_word' id='word_1_194' title='bbox 1497 2804 1530 2852; x_wconf 82' lang='lat' dir='ltr'><strong>et</strong></span> <span class='ocrx_word' id='word_1_195' title='bbox 1557 2792 1769 2867; x_wconf 79' lang='lat' dir='ltr'><strong>Alexandrini</strong></span> 
     </span>
     <span class='ocr_line' id='line_1_22' title="bbox 229 2884 1767 2978; baseline 0.001 -23"><span class='ocrx_word' id='word_1_196' title='bbox 229 2893 366 2956; x_wconf 81' lang='lat' dir='ltr'><strong>subinde</strong></span> <span class='ocrx_word' id='word_1_197' title='bbox 389 2915 449 2978; x_wconf 92' lang='lat' dir='ltr'><strong>per</strong></span> <span class='ocrx_word' id='word_1_198' title='bbox 480 2896 689 2978; x_wconf 85' lang='lat' dir='ltr'><strong>adoptionem</strong></span> <span class='ocrx_word' id='word_1_199' title='bbox 711 2896 846 2958; x_wconf 89' lang='lat' dir='ltr'><strong>Claudio</strong></span> <span class='ocrx_word' id='word_1_200' title='bbox 868 2898 971 2959; x_wconf 93' lang='lat' dir='ltr'><strong>Nero·</strong></span> <span class='ocrx_word' id='word_1_201' title='bbox 1026 2895 1190 2978; x_wconf 85' lang='lat' dir='ltr'><strong>inseripti:</strong></span> <span class='ocrx_word' id='word_1_202' title='bbox 1234 2887 1487 2967; x_wconf 74' lang='lat' dir='ltr'><strong>OKTAOTts.</strong></span> <span class='ocrx_word' id='word_1_203' title='bbox 1530 2884 1767 2959; x_wconf 80' lang='grc' dir='ltr'><strong>ΣΕΒΑΣΤΗ.</strong></span> 
     </span>
     <span class='ocr_line' id='line_1_23' title="bbox 229 2989 1767 3078; baseline 0.001 -22"><span class='ocrx_word' id='word_1_204' title='bbox 229 2997 279 3070; x_wconf 90' lang='lat' dir='ltr'><strong>ni,</strong></span> <span class='ocrx_word' id='word_1_205' title='bbox 310 2996 573 3078; x_wconf 87' lang='lat' dir='ltr'><strong>desponderetur</strong></span> <span class='ocrx_word' id='word_1_206' title='bbox 599 2999 772 3063; x_wconf 77' lang='lat' dir='ltr'><strong>V.C.802</strong></span> <span class='ocrx_word' id='word_1_207' title='bbox 795 3003 844 3078; x_wconf 82' lang='lat' dir='ltr'><strong>c),</strong></span> <span class='ocrx_word' id='word_1_208' title='bbox 874 3011 908 3059; x_wconf 89' lang='lat' dir='ltr'><strong>et</strong></span> <span class='ocrx_word' id='word_1_209' title='bbox 927 3017 970 3059; x_wconf 88' lang='lat' dir='ltr'><strong>nc</strong></span> <span class='ocrx_word' id='word_1_210' title='bbox 1028 3018 1104 3060; x_wconf 91' lang='lat' dir='ltr'><strong>oum</strong></span> <span class='ocrx_word' id='word_1_211' title='bbox 1120 2996 1212 3059; x_wconf 88' lang='lat' dir='ltr'><strong>annis</strong></span> <span class='ocrx_word' id='word_1_212' title='bbox 1228 2994 1268 3056; x_wconf 77' lang='lat' dir='ltr'><strong>A.</strong></span> <span class='ocrx_word' id='word_1_213' title='bbox 1285 2989 1326 3058; x_wconf 92' lang='grc' dir='ltr'><strong>Γ.</strong></span> <span class='ocrx_word' id='word_1_214' title='bbox 1342 2992 1382 3057; x_wconf 90' lang='grc' dir='ltr'><strong>Δ.</strong></span> <span class='ocrx_word' id='word_1_215' title='bbox 1398 2994 1437 3057; x_wconf 85' lang='grc' dir='ltr'><strong>Ε.</strong></span> <span class='ocrx_word' id='word_1_216' title='bbox 1467 2996 1502 3053; x_wconf 92' lang='lat' dir='ltr'><strong>In</strong></span> <span class='ocrx_word' id='word_1_217' title='bbox 1520 2992 1584 3054; x_wconf 84' lang='lat' dir='ltr'><strong>elio</strong></span> <span class='ocrx_word' id='word_1_218' title='bbox 1602 2994 1767 3062; x_wconf 81' lang='lat' dir='ltr'><strong>Sardium:</strong></span> 
     </span>
     <span class='ocr_line' id='line_1_24' title="bbox 229 3084 1767 3181; baseline 0.003 -24"><span class='ocrx_word' id='word_1_219' title='bbox 229 3096 380 3178; x_wconf 79' lang='lat' dir='ltr'><strong>adoptato</strong></span> <span class='ocrx_word' id='word_1_220' title='bbox 419 3114 480 3181; x_wconf 89' lang='lat' dir='ltr'><strong>per</strong></span> <span class='ocrx_word' id='word_1_221' title='bbox 503 3099 674 3162; x_wconf 88' lang='lat' dir='ltr'><strong>Claudium</strong></span> <span class='ocrx_word' id='word_1_222' title='bbox 699 3099 844 3160; x_wconf 88' lang='lat' dir='ltr'><strong>Domitio</strong></span> <span class='ocrx_word' id='word_1_223' title='bbox 875 3119 970 3161; x_wconf 89' lang='lat' dir='ltr'><strong>soror</strong></span> <span class='ocrx_word' id='word_1_224' title='bbox 1028 3091 1285 3170; x_wconf 79' lang='lat' dir='ltr'><strong>OKTATtaN.</strong></span> <span class='ocrx_word' id='word_1_225' title='bbox 1312 3091 1451 3160; x_wconf 84' lang='grc' dir='ltr'><strong>ΘΕΑΝ.</strong></span> <span class='ocrx_word' id='word_1_226' title='bbox 1477 3095 1614 3177; x_wconf 89' lang='lat' dir='ltr'><strong>(Sestini</strong></span> <span class='ocrx_word' id='word_1_227' title='bbox 1636 3084 1767 3163; x_wconf 78' lang='lat' dir='ltr'><strong>Lettres</strong></span> 
     </span>
     <span class='ocr_line' id='line_1_25' title="bbox 228 3198 1768 3284; baseline 0.003 -24"><span class='ocrx_word' id='word_1_228' title='bbox 228 3219 301 3260; x_wconf 93' lang='lat' dir='ltr'><strong>cum</strong></span> <span class='ocrx_word' id='word_1_229' title='bbox 324 3199 425 3259; x_wconf 80' lang='lat' dir='ltr'><strong>fratrc</strong></span> <span class='ocrx_word' id='word_1_230' title='bbox 446 3199 579 3262; x_wconf 84' lang='lat' dir='ltr'><strong>incestis</strong></span> <span class='ocrx_word' id='word_1_231' title='bbox 603 3200 722 3284; x_wconf 90' lang='lat' dir='ltr'><strong>nuptiis</strong></span> <span class='ocrx_word' id='word_1_232' title='bbox 748 3200 901 3283; x_wconf 81' lang='lat' dir='ltr'><strong>conjungi</strong></span> <span class='ocrx_word' id='word_1_233' title='bbox 924 3201 970 3263; x_wconf 82' lang='lat' dir='ltr'><strong>vi·</strong></span> <span class='ocrx_word' id='word_1_234' title='bbox 1028 3200 1066 3262; x_wconf 89' lang='lat' dir='ltr'><strong>T.</strong></span> <span class='ocrx_word' id='word_1_235' title='bbox 1080 3200 1135 3264; x_wconf 86' lang='lat' dir='ltr'><strong>IV.</strong></span> <span class='ocrx_word' id='word_1_236' title='bbox 1149 3219 1181 3280; x_wconf 90' lang='lat' dir='ltr'><strong>p.</strong></span> <span class='ocrx_word' id='word_1_237' title='bbox 1199 3198 1282 3276; x_wconf 77' lang='lat' dir='ltr'><strong>sse.)</strong></span> <span class='ocrx_word' id='word_1_238' title='bbox 1304 3198 1442 3261; x_wconf 82' lang='lat' dir='ltr'><strong>Exstant</strong></span> <span class='ocrx_word' id='word_1_239' title='bbox 1455 3199 1551 3261; x_wconf 85' lang='lat' dir='ltr'><strong>etiam</strong></span> <span class='ocrx_word' id='word_1_240' title='bbox 1566 3200 1768 3265; x_wconf 82' lang='lat' dir='ltr'><strong>coloniarum</strong></span> 
     </span>
     <span class='ocr_line' id='line_1_26' title="bbox 226 3298 1765 3385; baseline 0.002 -26"><span class='ocrx_word' id='word_1_241' title='bbox 226 3298 379 3374; x_wconf 86' lang='lat' dir='ltr'><strong>deretur,</strong></span> <span class='ocrx_word' id='word_1_242' title='bbox 400 3301 534 3363; x_wconf 81' lang='lat' dir='ltr'><strong>Octavia</strong></span> <span class='ocrx_word' id='word_1_243' title='bbox 551 3303 640 3385; x_wconf 85' lang='lat' dir='ltr'><strong>prius</strong></span> <span class='ocrx_word' id='word_1_244' title='bbox 656 3303 688 3362; x_wconf 91' lang='lat' dir='ltr'><strong>in</strong></span> <span class='ocrx_word' id='word_1_245' title='bbox 706 3300 799 3362; x_wconf 76' lang='lat' dir='ltr'><strong>aliam</strong></span> <span class='ocrx_word' id='word_1_246' title='bbox 815 3300 968 3363; x_wconf 78' lang='lat' dir='ltr'><strong>familiam</strong></span> <span class='ocrx_word' id='word_1_247' title='bbox 1026 3298 1192 3374; x_wconf 87' lang='lat' dir='ltr'><strong>Corinthi,</strong></span> <span class='ocrx_word' id='word_1_248' title='bbox 1220 3313 1254 3362; x_wconf 90' lang='lat' dir='ltr'><strong>et</strong></span> <span class='ocrx_word' id='word_1_249' title='bbox 1271 3299 1428 3382; x_wconf 85' lang='lat' dir='ltr'><strong>Sinopes,</strong></span> <span class='ocrx_word' id='word_1_250' title='bbox 1460 3301 1624 3380; x_wconf 77' lang='lat' dir='ltr'><strong>(Pellerin</strong></span> <span class='ocrx_word' id='word_1_251' title='bbox 1642 3303 1723 3375; x_wconf 83' lang='lat' dir='ltr'><strong>Mel.</strong></span> <span class='ocrx_word' id='word_1_252' title='bbox 1742 3307 1765 3368; x_wconf 72' lang='lat'><strong>1.</strong></span> 
     </span>
     <span class='ocr_line' id='line_1_27' title="bbox 225 3397 1763 3485; baseline 0.002 -22"><span class='ocrx_word' id='word_1_253' title='bbox 225 3400 404 3485; x_wconf 70' lang='lat' dir='ltr'><strong>redoptanda</strong></span> <span class='ocrx_word' id='word_1_254' title='bbox 444 3401 559 3465; x_wconf 87' lang='lat' dir='ltr'><strong>tradita</strong></span> <span class='ocrx_word' id='word_1_255' title='bbox 599 3418 649 3466; x_wconf 89' lang='lat' dir='ltr'><strong>est</strong></span> <span class='ocrx_word' id='word_1_256' title='bbox 669 3402 712 3483; x_wconf 73' lang='lat' dir='ltr'><strong>d).</strong></span> <span class='ocrx_word' id='word_1_257' title='bbox 757 3404 837 3464; x_wconf 84' lang='lat' dir='ltr'><strong>Eam</strong></span> <span class='ocrx_word' id='word_1_258' title='bbox 877 3401 967 3466; x_wconf 81' lang='lat' dir='ltr'><strong>duxit</strong></span> <span class='ocrx_word' id='word_1_259' title='bbox 1024 3400 1138 3483; x_wconf 72' lang='lat' dir='ltr'><strong>pubis.</strong></span> <span class='ocrx_word' id='word_1_260' title='bbox 1161 3397 1267 3484; x_wconf 81' lang='lat' dir='ltr'><strong>Haym</strong></span> <span class='ocrx_word' id='word_1_261' title='bbox 1284 3404 1322 3461; x_wconf 84' lang='lat' dir='ltr'><strong>T.</strong></span> <span class='ocrx_word' id='word_1_262' title='bbox 1335 3402 1375 3464; x_wconf 85' lang='grc' dir='ltr'><strong>ΙΙ.</strong></span> <span class='ocrx_word' id='word_1_263' title='bbox 1393 3401 1536 3480; x_wconf 76' lang='lat' dir='ltr'><strong>tabeo.)</strong></span> <span class='ocrx_word' id='word_1_264' title='bbox 1554 3401 1763 3485; x_wconf 77' lang='lat' dir='ltr'><strong>aliarumque,</strong></span> 
     </span>
     <span class='ocr_line' id='line_1_28' title="bbox 223 3501 1764 3591; baseline 0.001 -27"><span class='ocrx_word' id='word_1_265' title='bbox 223 3504 312 3565; x_wconf 76' lang='lat' dir='ltr'><strong>Nero</strong></span> <span class='ocrx_word' id='word_1_266' title='bbox 346 3504 386 3568; x_wconf 89' lang='lat' dir='ltr'><strong>V.</strong></span> <span class='ocrx_word' id='word_1_267' title='bbox 410 3503 447 3567; x_wconf 87' lang='lat' dir='ltr'><strong>C.</strong></span> <span class='ocrx_word' id='word_1_268' title='bbox 468 3503 530 3566; x_wconf 79' lang='lat' dir='ltr'><strong>eoo</strong></span> <span class='ocrx_word' id='word_1_269' title='bbox 553 3507 593 3586; x_wconf 83' lang='lat' dir='ltr'><strong>e).</strong></span> <span class='ocrx_word' id='word_1_270' title='bbox 637 3506 708 3567; x_wconf 89' lang='lat' dir='ltr'><strong>Etsi</strong></span> <span class='ocrx_word' id='word_1_271' title='bbox 730 3503 849 3567; x_wconf 91' lang='lat' dir='ltr'><strong>mulier</strong></span> <span class='ocrx_word' id='word_1_272' title='bbox 879 3518 967 3567; x_wconf 86' lang='lat' dir='ltr'><strong>esset</strong></span> <span class='ocrx_word' id='word_1_273' title='bbox 1024 3522 1159 3586; x_wconf 84' lang='lat' dir='ltr'><strong>quarum</strong></span> <span class='ocrx_word' id='word_1_274' title='bbox 1173 3521 1294 3565; x_wconf 85' lang='lat' dir='ltr'><strong>nemen</strong></span> <span class='ocrx_word' id='word_1_275' title='bbox 1318 3503 1351 3562; x_wconf 88' lang='lat' dir='ltr'><strong>in</strong></span> <span class='ocrx_word' id='word_1_276' title='bbox 1367 3501 1472 3563; x_wconf 91' lang='lat' dir='ltr'><strong>numis</strong></span> <span class='ocrx_word' id='word_1_277' title='bbox 1489 3502 1670 3591; x_wconf 50' lang='lat' dir='ltr'><strong>reticetur..</strong></span> <span class='ocrx_word' id='word_1_278' title='bbox 1687 3507 1764 3587; x_wconf 84' lang='lat' dir='ltr'><strong>Epi·</strong></span> 
     </span>
     <span class='ocr_line' id='line_1_29' title="bbox 222 3602 1761 3686; baseline 0 -20"><span class='ocrx_word' id='word_1_279' title='bbox 222 3617 385 3686; x_wconf 86' lang='lat' dir='ltr'><strong>spectatae</strong></span> <span class='ocrx_word' id='word_1_280' title='bbox 415 3604 602 3686; x_wconf 88' lang='lat' dir='ltr'><strong>probitatis,</strong></span> <span class='ocrx_word' id='word_1_281' title='bbox 640 3608 679 3670; x_wconf 84' lang='lat' dir='ltr'><strong>ab</strong></span> <span class='ocrx_word' id='word_1_282' title='bbox 709 3629 746 3669; x_wconf 86' lang='lat' dir='ltr'><strong>ea</strong></span> <span class='ocrx_word' id='word_1_283' title='bbox 774 3619 881 3668; x_wconf 87' lang='lat' dir='ltr'><strong>tamen</strong></span> <span class='ocrx_word' id='word_1_284' title='bbox 911 3605 964 3668; x_wconf 87' lang='lat' dir='ltr'><strong>sb-</strong></span> <span class='ocrx_word' id='word_1_285' title='bbox 1022 3604 1145 3685; x_wconf 79' lang='lat' dir='ltr'><strong>grapho</strong></span> <span class='ocrx_word' id='word_1_286' title='bbox 1170 3603 1204 3664; x_wconf 89' lang='lat' dir='ltr'><strong>in</strong></span> <span class='ocrx_word' id='word_1_287' title='bbox 1230 3603 1295 3663; x_wconf 78' lang='lat' dir='ltr'><strong>liis:</strong></span> <span class='ocrx_word' id='word_1_288' title='bbox 1327 3602 1533 3668; x_wconf 67' lang='lat' dir='ltr'><strong>ocultus.</strong></span> <span class='ocrx_word' id='word_1_289' title='bbox 1558 3604 1761 3670; x_wconf 83' lang='lat' dir='ltr'><strong>NERONIS.</strong></span> 
     </span>
     <span class='ocr_line' id='line_1_30' title="bbox 221 3702 1760 3792; baseline 0.003 -26"><span class='ocrx_word' id='word_1_290' title='bbox 221 3706 378 3769; x_wconf 80' lang='lat' dir='ltr'><strong>horrebat</strong></span> <span class='ocrx_word' id='word_1_291' title='bbox 397 3707 545 3784; x_wconf 88' lang='lat' dir='ltr'><strong>maritus,</strong></span> <span class='ocrx_word' id='word_1_292' title='bbox 572 3707 849 3792; x_wconf 85' lang='lat' dir='ltr'><strong>quoniamillieits</strong></span> <span class='ocrx_word' id='word_1_293' title='bbox 870 3728 963 3789; x_wconf 89' lang='lat' dir='ltr'><strong>prae·</strong></span> <span class='ocrx_word' id='word_1_294' title='bbox 1021 3705 1124 3769; x_wconf 74' lang='lat' dir='ltr'><strong>Ave.</strong></span> <span class='ocrx_word' id='word_1_295' title='bbox 1153 3705 1204 3767; x_wconf 84' lang='lat' dir='ltr'><strong>rel</strong></span> <span class='ocrx_word' id='word_1_296' title='bbox 1231 3704 1438 3768; x_wconf 70' lang='lat' dir='ltr'><strong>Ocutvm.</strong></span> <span class='ocrx_word' id='word_1_297' title='bbox 1466 3702 1680 3780; x_wconf 78' lang='lat' dir='ltr'><strong>AVGVSTl,</strong></span> <span class='ocrx_word' id='word_1_298' title='bbox 1705 3710 1760 3770; x_wconf 80' lang='lat' dir='ltr'><strong>rel</strong></span> 
     </span>
     <span class='ocr_line' id='line_1_31' title="bbox 220 3795 1759 3893; baseline 0.002 -24"><span class='ocrx_word' id='word_1_299' title='bbox 220 3808 387 3882; x_wconf 75' lang='lat' dir='ltr'><strong>valebunt,</strong></span> <span class='ocrx_word' id='word_1_300' title='bbox 421 3795 635 3893; x_wconf 74' lang='lat' dir='ltr'><strong>dcla&#39;psusque</strong></span> <span class='ocrx_word' id='word_1_301' title='bbox 658 3811 691 3871; x_wconf 94' lang='lat' dir='ltr'><strong>in</strong></span> <span class='ocrx_word' id='word_1_302' title='bbox 713 3830 858 3873; x_wconf 89' lang='lat' dir='ltr'><strong>amorem</strong></span> <span class='ocrx_word' id='word_1_303' title='bbox 879 3811 963 3892; x_wconf 85' lang='lat' dir='ltr'><strong>Pop.-</strong></span> <span class='ocrx_word' id='word_1_304' title='bbox 1020 3806 1239 3872; x_wconf 75' lang='lat' dir='ltr'><strong>AVGVSTA·</strong></span> <span class='ocrx_word' id='word_1_305' title='bbox 1289 3805 1427 3885; x_wconf 67' lang='lat' dir='ltr'><strong>Insignis</strong></span> <span class='ocrx_word' id='word_1_306' title='bbox 1461 3825 1579 3867; x_wconf 74' lang='lat' dir='ltr'><strong>numus</strong></span> <span class='ocrx_word' id='word_1_307' title='bbox 1611 3807 1759 3873; x_wconf 75' lang='lat' dir='ltr'><strong>coloniae</strong></span> 
     </span>
     <span class='ocr_line' id='line_1_32' title="bbox 220 3905 1757 3996; baseline 0.001 -24"><span class='ocrx_word' id='word_1_308' title='bbox 220 3930 320 3991; x_wconf 79' lang='lat' dir='ltr'><strong>paese</strong></span> <span class='ocrx_word' id='word_1_309' title='bbox 353 3929 425 3970; x_wconf 88' lang='lat' dir='ltr'><strong>eam</strong></span> <span class='ocrx_word' id='word_1_310' title='bbox 449 3930 507 3987; x_wconf 87' lang='lat' dir='ltr'><strong>per</strong></span> <span class='ocrx_word' id='word_1_311' title='bbox 530 3912 691 3990; x_wconf 87' lang='lat' dir='ltr'><strong>speciem,</strong></span> <span class='ocrx_word' id='word_1_312' title='bbox 724 3911 811 3996; x_wconf 88' lang='lat' dir='ltr'><strong>qnod</strong></span> <span class='ocrx_word' id='word_1_313' title='bbox 839 3911 961 3974; x_wconf 86' lang='lat' dir='ltr'><strong>sterilis</strong></span> <span class='ocrx_word' id='word_1_314' title='bbox 1016 3908 1176 3983; x_wconf 88' lang='lat' dir='ltr'><strong>incertae,</strong></span> <span class='ocrx_word' id='word_1_315' title='bbox 1204 3926 1300 3990; x_wconf 90' lang='lat' dir='ltr'><strong>quern</strong></span> <span class='ocrx_word' id='word_1_316' title='bbox 1318 3905 1407 3968; x_wconf 91' lang='lat' dir='ltr'><strong>edidi</strong></span> <span class='ocrx_word' id='word_1_317' title='bbox 1423 3927 1463 3967; x_wconf 86' lang='lat' dir='ltr'><strong>ex</strong></span> <span class='ocrx_word' id='word_1_318' title='bbox 1478 3927 1591 3969; x_wconf 90' lang='lat' dir='ltr'><strong>museo</strong></span> <span class='ocrx_word' id='word_1_319' title='bbox 1608 3908 1700 3973; x_wconf 83' lang='lat' dir='ltr'><strong>Com.</strong></span> <span class='ocrx_word' id='word_1_320' title='bbox 1717 3909 1757 3973; x_wconf 87' lang='lat' dir='ltr'><strong>de</strong></span> 
     </span>
     <span class='ocr_line' id='line_1_33' title="bbox 219 4006 1239 4097; baseline -0.004 -25"><span class='ocrx_word' id='word_1_321' title='bbox 219 4023 324 4085; x_wconf 79' lang='lat' dir='ltr'><strong>esset,</strong></span> <span class='ocrx_word' id='word_1_322' title='bbox 347 4010 548 4091; x_wconf 83' lang='lat' dir='ltr'><strong>repudiarit,</strong></span> <span class='ocrx_word' id='word_1_323' title='bbox 573 4028 605 4074; x_wconf 90' lang='lat' dir='ltr'><strong>et</strong></span> <span class='ocrx_word' id='word_1_324' title='bbox 626 4016 657 4074; x_wconf 89' lang='lat' dir='ltr'><strong>in</strong></span> <span class='ocrx_word' id='word_1_325' title='bbox 683 4013 889 4097; x_wconf 88' lang='lat' dir='ltr'><strong>Campaniam</strong></span> <span class='ocrx_word' id='word_1_326' title='bbox 909 4030 962 4075; x_wconf 89' lang='lat' dir='ltr'><strong>rs·</strong></span> <span class='ocrx_word' id='word_1_327' title='bbox 1016 4011 1177 4072; x_wconf 83' lang='lat' dir='ltr'><strong>Festetics</strong></span> <span class='ocrx_word' id='word_1_328' title='bbox 1199 4006 1239 4087; x_wconf 66' lang='lat' dir='ltr'><strong>il:</strong></span> 
     </span>
     <span class='ocr_line' id='line_1_34' title="bbox 218 4105 1757 4199; baseline 0.001 -26"><span class='ocrx_word' id='word_1_329' title='bbox 218 4112 349 4199; x_wconf 78' lang='lat' dir='ltr'><strong>legerit.</strong></span> <span class='ocrx_word' id='word_1_330' title='bbox 400 4116 476 4175; x_wconf 82' lang='lat' dir='ltr'><strong>Mox</strong></span> <span class='ocrx_word' id='word_1_331' title='bbox 515 4116 627 4197; x_wconf 89' lang='lat' dir='ltr'><strong>populi</strong></span> <span class='ocrx_word' id='word_1_332' title='bbox 663 4129 753 4177; x_wconf 88' lang='lat' dir='ltr'><strong>metu</strong></span> <span class='ocrx_word' id='word_1_333' title='bbox 788 4114 961 4178; x_wconf 85' lang='lat' dir='ltr'><strong>discidium</strong></span> <span class='ocrx_word' id='word_1_334' title='bbox 1136 4109 1343 4177; x_wconf 77' lang='lat' dir='ltr'><strong>OCTAVIA.</strong></span> <span class='ocrx_word' id='word_1_335' title='bbox 1362 4105 1580 4174; x_wconf 77' lang='lat' dir='ltr'><strong>stvsrt.</strong></span> <span class='ocrx_word' id='word_1_336' title='bbox 1615 4111 1757 4175; x_wconf 80' lang='lat' dir='ltr'><strong>Octavia</strong></span> 
     </span>
     <span class='ocr_line' id='line_1_35' title="bbox 218 4211 1809 4300; baseline -0.003 -25"><span class='ocrx_word' id='word_1_337' title='bbox 218 4213 301 4275; x_wconf 90' lang='lat' dir='ltr'><strong>istud</strong></span> <span class='ocrx_word' id='word_1_338' title='bbox 323 4214 466 4297; x_wconf 81' lang='lat' dir='ltr'><strong>graviter</strong></span> <span class='ocrx_word' id='word_1_339' title='bbox 482 4217 617 4279; x_wconf 84' lang='lat' dir='ltr'><strong>serentis</strong></span> <span class='ocrx_word' id='word_1_340' title='bbox 641 4217 759 4300; x_wconf 88' lang='lat' dir='ltr'><strong>recipit</strong></span> <span class='ocrx_word' id='word_1_341' title='bbox 774 4217 959 4299; x_wconf 75' lang='lat' dir='ltr'><strong>conjugem,</strong></span> <span class='ocrx_word' id='word_1_342' title='bbox 1135 4213 1544 4280; x_wconf 84' lang='lat' dir='ltr'><strong>velutustunsuntearum,</strong></span> <span class='ocrx_word' id='word_1_343' title='bbox 1559 4211 1755 4289; x_wconf 64' lang='lat' dir='ltr'><strong>dputerom.</strong></span> <span class='ocrx_word' id='word_1_344' title='bbox 1806 4286 1809 4292; x_wconf 25' lang='grc' dir='ltr'>Ι</span> 
     </span>
    </p>
   </div>
   <div class='ocr_carea' id='block_1_4' title="bbox 220 4462 1753 4729">
    <p class='ocr_par' dir='ltr' id='par_1_4' title="bbox 220 4462 1753 4729">
     <span class='ocr_line' id='line_1_36' title="bbox 255 4462 1752 4548; baseline -0.001 -21"><span class='ocrx_word' id='word_1_345' title='bbox 255 4477 286 4540; x_wconf 62' lang='lat' dir='ltr'><strong>a}</strong></span> <span class='ocrx_word' id='word_1_346' title='bbox 306 4475 466 4535; x_wconf 76' lang='lat' dir='ltr'><strong>AunllW.</strong></span> <span class='ocrx_word' id='word_1_347' title='bbox 480 4481 524 4540; x_wconf 65' lang='lat'><strong>64.</strong></span> <span class='ocrx_word' id='word_1_348' title='bbox 631 4476 666 4548; x_wconf 92' lang='lat' dir='ltr'><strong>b)</strong></span> <span class='ocrx_word' id='word_1_349' title='bbox 685 4475 780 4531; x_wconf 84' lang='lat' dir='ltr'><strong>Tucit.</strong></span> <span class='ocrx_word' id='word_1_350' title='bbox 795 4476 869 4529; x_wconf 79' lang='lat' dir='ltr'><strong>Ann.</strong></span> <span class='ocrx_word' id='word_1_351' title='bbox 880 4472 944 4531; x_wconf 82' lang='lat' dir='ltr'><strong>Xll.</strong></span> <span class='ocrx_word' id='word_1_352' title='bbox 962 4484 988 4535; x_wconf 77' lang='lat'><strong>3.</strong></span> <span class='ocrx_word' id='word_1_353' title='bbox 1094 4474 1125 4541; x_wconf 87' lang='lat' dir='ltr'><strong>c)</strong></span> <span class='ocrx_word' id='word_1_354' title='bbox 1145 4471 1216 4525; x_wconf 80' lang='lat' dir='ltr'><strong>Tse.</strong></span> <span class='ocrx_word' id='word_1_355' title='bbox 1230 4470 1305 4524; x_wconf 74' lang='lat' dir='ltr'><strong>Abu.</strong></span> <span class='ocrx_word' id='word_1_356' title='bbox 1316 4467 1379 4524; x_wconf 81' lang='lat' dir='ltr'><strong>llll.</strong></span> <span class='ocrx_word' id='word_1_357' title='bbox 1394 4474 1486 4536; x_wconf 78' lang='lat'>3-9.</span> <span class='ocrx_word' id='word_1_358' title='bbox 1507 4462 1587 4521; x_wconf 83' lang='lat' dir='ltr'><strong>Suet.</strong></span> <span class='ocrx_word' id='word_1_359' title='bbox 1601 4465 1632 4522; x_wconf 85' lang='lat' dir='ltr'><strong>in</strong></span> <span class='ocrx_word' id='word_1_360' title='bbox 1648 4466 1752 4528; x_wconf 78' lang='lat' dir='ltr'><strong>Claud.</strong></span> 
     </span>
     <span class='ocr_line' id='line_1_37' title="bbox 220 4552 1753 4636; baseline -0.003 -17"><span class='ocrx_word' id='word_1_361' title='bbox 220 4583 244 4619; x_wconf 77' lang='lat' dir='ltr'><strong>c.</strong></span> <span class='ocrx_word' id='word_1_362' title='bbox 255 4575 298 4636; x_wconf 81' lang='lat'><strong>29.</strong></span> <span class='ocrx_word' id='word_1_363' title='bbox 396 4564 431 4636; x_wconf 87' lang='lat' dir='ltr'><strong>d)</strong></span> <span class='ocrx_word' id='word_1_364' title='bbox 451 4568 507 4622; x_wconf 87' lang='lat' dir='ltr'><strong>Dio</strong></span> <span class='ocrx_word' id='word_1_365' title='bbox 523 4567 553 4623; x_wconf 84' lang='lat' dir='ltr'><strong>L.</strong></span> <span class='ocrx_word' id='word_1_366' title='bbox 563 4565 621 4622; x_wconf 81' lang='lat' dir='ltr'><strong>LX.</strong></span> <span class='ocrx_word' id='word_1_367' title='bbox 635 4578 680 4629; x_wconf 79' lang='lat'><strong>33.</strong></span> <span class='ocrx_word' id='word_1_368' title='bbox 779 4566 810 4629; x_wconf 73' lang='lat' dir='ltr'><strong>el</strong></span> <span class='ocrx_word' id='word_1_369' title='bbox 826 4564 898 4618; x_wconf 67' lang='grc' dir='ltr'><strong>Τις.</strong></span> <span class='ocrx_word' id='word_1_370' title='bbox 915 4558 1061 4617; x_wconf 79' lang='grc' dir='ltr'><strong>Διιη.ΧῙΙ.</strong></span> <span class='ocrx_word' id='word_1_371' title='bbox 1077 4567 1119 4620; x_wconf 75' lang='grc'><strong>58.</strong></span> <span class='ocrx_word' id='word_1_372' title='bbox 1218 4560 1244 4624; x_wconf 80' lang='lat' dir='ltr'><strong>f)</strong></span> <span class='ocrx_word' id='word_1_373' title='bbox 1261 4553 1353 4612; x_wconf 56' lang='lat' dir='ltr'><strong>llicit.</strong></span> <span class='ocrx_word' id='word_1_374' title='bbox 1367 4552 1527 4610; x_wconf 72' lang='lat' dir='ltr'><strong>Asmxlv.</strong></span> <span class='ocrx_word' id='word_1_375' title='bbox 1542 4554 1579 4615; x_wconf 74' lang='lat'><strong>60</strong></span> <span class='ocrx_word' id='word_1_376' title='bbox 1591 4573 1652 4633; x_wconf 65' lang='lat' dir='ltr'><strong>seq.</strong></span> <span class='ocrx_word' id='word_1_377' title='bbox 1672 4557 1753 4618; x_wconf 77' lang='lat' dir='ltr'><strong>Suet.</strong></span> 
     </span>
     <span class='ocr_line' id='line_1_38' title="bbox 220 4641 1549 4729; baseline -0.014 -15"><span class='ocrx_word' id='word_1_378' title='bbox 220 4663 296 4714; x_wconf 65' lang='lat' dir='ltr'><strong>tii.</strong></span> <span class='ocrx_word' id='word_1_379' title='bbox 391 4658 422 4729; x_wconf 72' lang='lat' dir='ltr'><strong>g)</strong></span> <span class='ocrx_word' id='word_1_380' title='bbox 442 4655 474 4712; x_wconf 92' lang='lat' dir='ltr'><strong>ln</strong></span> <span class='ocrx_word' id='word_1_381' title='bbox 492 4656 609 4711; x_wconf 81' lang='lat' dir='ltr'><strong>Nerone</strong></span> <span class='ocrx_word' id='word_1_382' title='bbox 625 4673 649 4713; x_wconf 83' lang='lat' dir='ltr'><strong>s.</strong></span> <span class='ocrx_word' id='word_1_383' title='bbox 660 4667 703 4716; x_wconf 73' lang='lat'><strong>57.</strong></span> <span class='ocrx_word' id='word_1_384' title='bbox 795 4653 829 4723; x_wconf 76' lang='lat' dir='ltr'><strong>b)</strong></span> <span class='ocrx_word' id='word_1_385' title='bbox 851 4655 880 4708; x_wconf 87' lang='lat' dir='ltr'><strong>ln</strong></span> <span class='ocrx_word' id='word_1_386' title='bbox 898 4651 1023 4709; x_wconf 80' lang='lat' dir='ltr'><strong>Octavia</strong></span> <span class='ocrx_word' id='word_1_387' title='bbox 1036 4660 1133 4720; x_wconf 70' lang='lat' dir='ltr'><strong>nuto.</strong></span> <span class='ocrx_word' id='word_1_388' title='bbox 1224 4649 1248 4716; x_wconf 83' lang='lat' dir='ltr'><strong>i)</strong></span> <span class='ocrx_word' id='word_1_389' title='bbox 1269 4646 1355 4702; x_wconf 75' lang='lat' dir='ltr'><strong>Nure.</strong></span> <span class='ocrx_word' id='word_1_390' title='bbox 1370 4654 1425 4701; x_wconf 79' lang='lat' dir='ltr'><strong>ret.</strong></span> <span class='ocrx_word' id='word_1_391' title='bbox 1441 4641 1472 4702; x_wconf 85' lang='lat' dir='ltr'><strong>d.</strong></span> <span class='ocrx_word' id='word_1_392' title='bbox 1487 4654 1549 4704; x_wconf 69' lang='lat' dir='ltr'><strong>ste.</strong></span> 
     </span>
    </p>
   </div>
   <div class='ocr_carea' id='block_1_5' title="bbox 0 0 2010 5370">
    <p class='ocr_par' dir='ltr' id='par_1_5' title="bbox 0 0 2010 5370">
     <span class='ocr_line' id='line_1_39' title="bbox 0 0 2010 5370; baseline 0 11"><span class='ocrx_word' id='word_1_393' title='bbox 0 0 2010 5370; x_wconf 95' lang='lat' dir='ltr'><strong> </strong></span> 
     </span>
    </p>
   </div>
  </div>
 </body>
</html>
