3998 5340
826 395 1192 525 nauatanvs.
1700 472 1774 547 ψ

222 625 307 689 inira
333 621 373 690 ad
398 640 548 686 numum:
581 617 840 685 DISCIPLINA.
867 619 968 688 AVG.
1026 621 1188 697 sublevat,
1206 621 1242 682 in
1258 621 1364 682 medio
1379 639 1466 684 urna
1478 626 1686 705 promittente
1698 627 1772 709 pol-

224 727 352 812 plenius
368 724 577 787 disseremus.
609 719 715 814 Quam
738 740 819 785 tero
842 720 970 785 duriter
1027 741 1101 786 moe
1115 741 1217 784 tomo.
1240 722 1312 790 AV.
1325 724 1423 798 (Mus.
1433 723 1540 803 Caes.)
1558 726 1627 792 alt.
1644 726 1770 808 (Vaill.)

224 842 312 892 tanta
334 828 452 890 itinera
475 822 611 899 iecerit,
636 822 726 885 nulla
747 823 903 908 cujusque
922 823 971 884 in·
1024 822 1192 888 AE.1.11.
1208 822 1306 891 obvii.

226 927 392 994 commodi
404 925 512 989 habita
525 924 671 1002 ratione,
686 924 750 1007 jam
765 923 919 1000 diximus,
936 938 971 989 et
1070 923 1206 1008 Saepius
1245 925 1401 990 Achaiam
1441 926 1550 994 inrisit
1587 926 1770 994 Hadrianus

225 1031 355 1094 dicetur
373 1028 488 1091 adhue.
966 1097 968 1103 A
1026 1023 1161 1087 nimium
1187 1024 1367 1090 delectatus
1392 1027 1592 1099 Graecorum
1618 1032 1768 1115 ingenio,

267 1128 468 1192 Manendum
510 1134 700 1210 praeterea,
750 1147 865 1191 numos
908 1128 970 1191 hos
1027 1144 1092 1211 quo
1114 1125 1251 1206 Achaia,
1280 1129 1375 1193 latiur
1395 1130 1429 1192 in
1449 1130 1671 1196 Romanorum
1695 1154 1769 1196 scn-

224 1231 403 1318 plerosque
439 1251 505 1292 nou
542 1249 616 1292 esse
646 1229 787 1312 signatos
823 1249 864 1293 eo
897 1229 969 1313 ipso
1028 1248 1065 1288 su
1090 1241 1239 1311 accepte,
1269 1230 1346 1294 inde
1373 1231 1414 1294 ab
1439 1233 1659 1298 remotissimo
1687 1252 1770 1309 aevo

226 1354 328 1411 anno,
347 1354 411 1417 quo
424 1331 609 1416 provincias
622 1331 764 1415 singulas
779 1329 970 1408 adivit,sed
1027 1327 1161 1391 illustris
1191 1329 1323 1397 exstitit.
1369 1331 1475 1426 Quam
1506 1335 1539 1395 in
1568 1336 1638 1419 ejus
1667 1335 1769 1400 urbcs'

223 1437 340 1499 saltem
361 1435 548 1518 complures
572 1433 674 1496 multo
696 1433 817 1507 serius3
839 1454 913 1495 nam
935 1433 969 1492 in
1026 1429 1196 1493 munificus
1215 1430 1333 1510 fuerit,
1356 1434 1503 1517 pluribus
1525 1436 1558 1496 in
1580 1437 1662 1501 locis
1681 1457 1770 1501 com-

224 1537 373 1600 omnihus
395 1537 489 1618 hujus
510 1534 621 1597 classis
643 1535 748 1596 numia
770 1532 889 1597 dicitur
906 1535 970 1596 Pe·
1026 1545 1187 1594 memorat
1228 1533 1418 1611 Pausanias,
1468 1551 1581 1601 ornata
1622 1539 1766 1615 balneis,

223 1653 273 1701 ter
289 1641 445 1716 Patriae,
470 1657 567 1721 quem
586 1635 714 1697 titulum
733 1657 817 1715 anno
837 1635 968 1698 demum
1026 1647 1060 1694 ot
1085 1633 1175 1717 aquis
1199 1654 1241 1696 ex
1265 1635 1454 1718 Stymphale
1478 1636 1632 1702 derivatis
1655 1641 1769 1704 Corin·

222 1741 262 1803 V.
286 1742 322 1802 C.
352 1740 431 1814 881,
466 1759 524 1800 seu
556 1736 686 1819 imperii
716 1758 799 1799 anno
828 1739 884 1802 XI.
914 1738 968 1800 ad·
1025 1734 1100 1812 tho,
1119 1736 1267 1819 templis,
1289 1735 1486 1818 porticibus,
1508 1738 1689 1804 simulacris
1705 1764 1768 1824 per

222 1841 362 1922 optavit,
388 1860 460 1901 cum
482 1853 589 1902 tamen
611 1851 702 1900 certo
723 1852 865 1916 constet,
891 1859 967 1901 eum
1025 1835 1103 1897 alias
1136 1837 1234 1899 urbes
1268 1837 1382 1920 positis
1405 1841 1446 1920 ¹).
1492 1840 1536 1901 ht
1571 1841 1767 1925 praecipuus

221 1943 285 2022 jam
306 1954 379 2004 ante
407 1940 493 2002 istud
520 1954 647 2023 tempus
674 1941 790 2002 multas
813 1961 966 2026 peragra-

220 2057 289 2105 tum
312 2042 503 2126 provincias.
536 2041 753 2103 Indubitatum
775 2040 893 2125 igitur,
916 2064 966 2105 sc·

219 2146 286 2206 rius
305 2168 322 2206 a
339 2159 488 2206 monetae
507 2142 683 2227 praelectis
706 2143 882 2225 imperatos
904 2144 964 2207 hos

218 2262 312 2329 typos
330 2245 535 2307 recensendo
554 2245 743 2328 singillatim
759 2245 830 2305 illas
849 2258 963 2321 terras,

220 2370 297 2434 quas
319 2368 379 2430 per
396 2347 485 2410 tices
501 2345 618 2421 obivit,
637 2366 701 2429 quo
717 2365 776 2407 seu
790 2346 965 2429 imperato·

219 2450 265 2511 ris
291 2450 341 2510 sui
365 2449 533 2531 praeclare
560 2446 642 2531 facta
665 2448 847 2528 posteritati
876 2470 964 2511 eom·

219 2550 430 2626 mendarent,
448 2570 507 2611 seu
523 2549 592 2629 ejus
610 2547 792 2623 ambitioni,
810 2561 843 2611 et
860 2549 963 2613 laudis

221 2651 390 2735 cupiditati
407 2651 580 2712 servirent.

264 2753 340 2845 Quo
363 2772 447 2836 anno
469 2749 608 2812 adiverit
630 2746 784 2830 regiones
806 2747 964 2829 singulas,

221 2876 357 2940 quarum
372 2853 405 2913 in
424 2852 475 2912 his
495 2851 601 2912 numia
621 2849 656 2910 fit
677 2848 816 2925 mentio,
840 2847 867 2909 si
887 2848 966 2932 quid

221 2954 392 3040 probabile
416 2952 615 3033 occurrerit,
645 2952 679 3011 in
700 2951 778 3035 ipsis
800 2970 965 3013 commen·

220 3056 310 3118 tariis
339 3054 461 3117 docere
488 3074 555 3116 non
582 3053 758 3136 negligam.
802 3052 904 3115 Multa
929 3053 964 3113 in

220 3159 282 3222 hae
310 3179 404 3220 eausa
435 3157 548 3240 reperi
576 3156 718 3232 incerta,
749 3167 783 3216 et
810 3151 962 3230 obscura,

221 3279 303 3343 quae
320 3259 395 3321 satis
412 3258 576 3320 illustrare
595 3256 740 3320 virorum
759 3255 963 3318 eruditorum

1024 1936 1181 2001 Hadriani
1210 1937 1355 2002 adfectus
1384 1937 1419 2000 iu
1445 1939 1606 2029 Athettas,
1628 1964 1704 2026 'qua
1733 1943 1768 2004 in

1023 2039 1105 2102 urbe
1143 2039 1248 2104 adhuc
1288 2040 1431 2123 privatus
1468 2043 1659 2107 anebontem
1699 2045 1770 2128 egit

1022 2139 1064 2206 V.
1088 2142 1124 2205 C.
1152 2141 1214 2205 8b5
1243 2156 1326 2204 teste
1354 2142 1538 2226 Phlegonte
1562 2141 1605 2226 b).
1649 2145 1767 2208 Factus

1023 2240 1159 2304 subinde
1182 2243 1361 2327 imperator
1384 2245 1465 2305 nihil
1490 2258 1561 2307 erat
1586 2244 1766 2319 honorum,

1023 2342 1112 2428 quod
1143 2344 1215 2405 urbi
1246 2345 1374 2429 antiqua
1406 2345 1491 2408 lama
1522 2347 1671 2430 cognitae
1700 2368 1769 2412 non

1021 2442 1215 2526 impertiret.
1253 2449 1343 2509 lnter
1370 2466 1472 2531 opera
1498 2447 1544 2509 ibi
1571 2461 1689 2512 statuta
1717 2462 1768 2511 est

1023 2546 1241 2626 gymnasium,
1273 2547 1490 2624 bibliotheca,
1527 2551 1686 2632 templum
1716 2553 1768 2612 Iu-

1022 2646 1134 2720 nonis,
1163 2660 1196 2708 et
1219 2649 1304 2710 Iovis
1328 2648 1551 2725 Panhellenii,
1580 2651 1640 2712 sed
1664 2652 1766 2712 omni·

1022 2744 1083 2805 bus
1112 2746 1161 2806 his
1190 2761 1332 2828 praestat
1358 2749 1517 2832 templum
1526 2747 1627 2830 glotis
1653 2750 1767 2833 Olym·

1022 2845 1068 2929 pii
1085 2848 1132 2927 ο),
1151 2846 1192 2908 de
1206 2868 1269 2929 quo
1287 2846 1371 2911 infra
1388 2846 1559 2913 subtituto
1579 2852 1764 2934 Olympius,

1023 2969 1120 3032 quern
1143 2948 1308 3011 Hadriano
1333 2949 1456 3014 dedere
1481 2948 1619 3030 Graeci,
1645 2951 1767 3015 redibit

1022 3051 1156 3112 mentio.
1186 3049 1321 3114 Addidit
1343 3067 1513 3136 praeterea
1538 3075 1686 3136 magnam
1708 3075 1766 3137 pe·

1022 3152 1167 3227 cuniam,
1194 3152 1412 3231 frumentum,
1439 3176 1476 3218 ac
1498 3153 1639 3239 denique
1664 3168 1766 3218 totam

1020 3253 1158 3318 insulam
1185 3254 1429 3339 Cephalleniam
1450 3258 1494 3339 d).
1526 3256 1622 3324 Vnde
1644 3257 1764 3321 merito

220 3360 356 3423 adhibiti
381 3374 514 3423 conatus
535 3358 678 3421 nondum
703 3371 854 3441 potuere.
885 3358 964 3420 Om·
1021 3356 1262 3440 hierophantis,
1288 3377 1369 3440 quae
1388 3357 1588 3421 Hadrianum
1606 3360 1764 3424 Eleusine

219 3466 309 3525 nium
333 3463 464 3526 minime
486 3461 670 3546 sequendus
689 3460 824 3543 Pagius,
851 3459 906 3542 qui
929 3460 964 3520 in
1020 3458 1173 3535 initiavit,
1190 3461 1224 3518 in
1241 3458 1390 3540 elegante
1409 3461 1658 3543 epigrammate,
1676 3463 1765 3546 quod

221 3565 340 3649 Critica
362 3566 525 3648 sualipsus
541 3563 604 3625 sibi
624 3559 754 3645 pedicas
773 3558 890 3622 lubens
908 3581 964 3624 uc·
1020 3573 1094 3623 ante
1117 3580 1217 3623 annos
1235 3579 1354 3643 paucos
1369 3559 1491 3623 ibidem
1508 3563 1633 3645 reperit
1648 3565 1763 3626 Wors·

220 3669 358 3752 leusquc
380 3665 550 3753 adligavit,
583 3663 659 3727 dum
684 3681 751 3727 non
776 3675 962 3745 temporum
1020 3661 1414 3744 leyusdnglus,eteum
1433 3664 1567 3728 eraditis
1586 3667 1764 3728 eommuni-

218 3769 329 3843 modo‚
347 3766 405 3849 aed
423 3780 456 3828 et
472 3787 584 3832 rerum
599 3779 764 3849 gestarum
779 3764 900 3827 seriem
916 3765 964 3825 in·
1021 3763 1105 3846 cavit
1128 3761 1274 3826 eruditus
1298 3763 1397 3830 Show
1419 3767 1530 3830 Dauus
1551 3769 1596 3847 e),
1629 3766 1670 3831 de
1696 3768 1760 3830 boc

217 3869 330 3934 faustis
345 3867 410 3928 suis
422 3869 708 3952 quinquennalium
722 3866 856 3951 epochis
871 3887 964 3930 eocr·

219 3990 296 4034 ecre
313 3967 523 4038 adlaboravit.

580 4065 599 4104 s

378 4175 423 4233 Vt
441 4118 494 4234 lid
511 4173 551 4234 H.
655 4241 659 4250 ,
684 4114 704 4154 ⁸

216 4273 530 4353 RESTITVTORI.
546 4271 755 4354 sentiat.
776 4274 962 4357 Imperator

217 4391 355 4461 togatas
370 4391 465 4441 stans
480 4377 660 4440 mulierem*
669 4392 758 4453 genu
765 4376 961 4459 flectentem

1020 3865 1217 3950 imperatore
1238 3864 1335 3929 dixit:

1061 4072 1203 4134 Amr&
1220 4068 1253 4145 ὅς
1270 4087 1385 4166 necate
1403 4079 1529 4136 πλουτου
1549 4096 1692 4160 sareptae
1708 4096 1761 4137 ποι

1183 4204 1188 4216 ·
1377 4237 1380 4247 ,
1516 4230 1519 4235 ⁴
1551 4181 1677 4254 λὲσσιι,

1145 4268 1328 4356 Abeuntes„
1345 4282 1464 4355 κλεινης
1485 4273 1512 4339 δ’
1533 4275 1632 4363 ἔξοχα
1652 4270 1763 4358 Kerge<

1457 4404 1485 4435 ·‘
1554 4401 1637 4456 ntae.

252 4547 726 4670 a]L3lI.p.11·t.attetelibi.
774 4547 867 4671 min
884 4585 1116 4648 Mirantem.
1173 4589 1204 4656 c)
1223 4587 1347 4644 Pausan.
1363 4589 1395 4644 L.
1412 4591 1434 4648 1.
1453 4598 1540 4664 p.tt.
1556 4597 1601 4654 ts.
1656 4587 1763 4660 d)Dio

218 4677 252 4734 L.
266 4672 364 4736 LXIX.
383 4679 406 4749 l.
420 4686 462 4743 16.
518 4682 549 4751 e)
573 4673 681 4736 Charta
696 4694 800 4756 papyr.
816 4694 846 4752 p.
859 4689 904 4739 tt.
