4012 5370
843 428 1163 503 ‘sllAlAN-VS.

231 597 368 658 classem
397 601 432 658 in
454 598 597 674 Moesia,
624 612 720 680 utque
742 596 824 658 adeo
852 598 884 657 in
913 599 975 660 Dn-

230 700 330 760 nubio
355 700 511 764 adversus
535 699 746 761 barbarorum
772 700 975 761 incursiones
1083 719 1088 727 ’

233 802 381 872 stetisse,
406 801 595 883 comprobet
613 815 744 883 praeter
764 801 876 882 plures
898 800 975 862 elias

230 904 399 986 inscriptio
424 904 618 964 Gruterienn
634 908 680 984 ¹),
719 903 751 961 in
773 903 977 986 quaclnssis

228 1008 365 1068 Flaviae
385 1008 557 1066 Moesicae
576 991 613 1066 lit
640 1005 773 1068 mentio.
813 1007 857 1065 At
878 1001 976 1065 maxi·

232 1130 282 1169 ma
305 1108 444 1187 Trejnno
468 1128 508 1167 ex
531 1108 601 1189 ipso
625 1106 758 1169 llnmine
787 1120 877 1189 pente
906 1106 975 1189 glo·

232 1211 297 1282 ria,
338 1231 410 1272 eum
441 1209 523 1268 illud
557 1225 655 1292 ponte
687 1208 817 1292 lapideo
854 1207 973 1290 junxit,

228 1311 315 1394 quod
339 1334 437 1393 opus,
465 1313 491 1371 si
512 1313 612 1374 Dioni
638 1312 718 1374 fides
736 1333 808 1374 eam
832 1309 975 1399 substru-

229 1414 380 1474 ctionem.
392 1413 544 1474 adcurate
564 1414 773 1488 describenti,
794 1413 892 1493 longe
910 1430 976 1472 cm·

230 1514 281 1574 nia
298 1515 426 1593 Trnjnni
451 1537 550 1597 opere
575 1517 756 1596 superavit,
782 1513 976 1595 docuitque,

227 1616 309 1678 nihil
333 1638 424 1692 esse,
456 1617 543 1697 quod
563 1616 703 1677 humano
728 1615 861 1697 ingenio
885 1612 973 1676 ellici

226 1733 366 1802 nequeat
382 1717 423 1796 ¹¹).
464 1720 544 1798 Ejus
558 1719 700 1780 sormam
724 1715 864 1778 aedilicii
885 1713 973 1778 ride·

224 1842 261 1880 re
283 1820 344 1881 sibi
362 1819 513 1883 videntur
534 1820 654 1881 eruditi
676 1821 708 1878 in
725 1819 876 1882 columna
893 1817 973 1877 Tra·

223 1923 287 2002 jani
314 1924 436 1983 Romae
469 1921 660 2002 superstite,
702 1932 735 1981 et
768 1917 904 2002 quidem
927 1931 974 1981 tn·

222 2022 297 2084 bula
320 2023 349 2082 E
372 2036 541 2103 segmento
558 2023 705 2088 LXXIV.
728 2042 816 2082 num.
839 2020 900 2083 260
923 2019 973 2103 pi·

223 2138 338 2184 cturne
363 2126 593 2200 Morellienec,
623 2123 747 2206 positae
779 2124 818 2184 nd
848 2123 970 2185 calcem

226 2227 388 2287 'l'lrcsauri
419 2248 589 2287 numerum
620 2226 865 2308 imperatorum.
906 2225 972 2284 Ex·

222 2342 285 2389 stat
308 2329 404 2390 etiam
430 2329 499 2406 ejus
518 2328 628 2409 pontis
647 2347 743 2388 arcus
758 2346 841 2387 unus
861 2325 895 2386 iu
919 2344 972 2387 ne·

223 2431 294 2491 neis
334 2428 525 2512 quibusdam
557 2429 688 2511 Trajnni
725 2427 850 2504 numis,
889 2447 970 2511 qnos

222 2529 297 2593 ride
315 2531 399 2592 infra
417 2530 503 2592 inter
527 2551 643 2591 numos
667 2550 766 2611 vagos
787 2527 970 2592 consulatus

223 2635 262 2694 l‘.
294 2635 337 2692 At
359 2634 445 2694 enirn
467 2653 531 2694 non
554 2652 691 2706 vercor,
719 2633 838 2702 νοθειας
858 2641 967 2689 notem

224 2734 407 2815 impingere
448 2756 546 2795 numo
576 2753 679 2795 neneo
713 2730 967 2793 nlllediobsrbo

221 2835 310 2896 edito
336 2839 382 2913 c),
422 2835 454 2894 in
495 2856 575 2919 quo:
619 2835 744 2897 PONS.
777 2832 968 2896 Tttnlnrtt.

221 2940 463 3003 neumis,
493 2953 570 3020 typo
599 2937 724 3017 pontis,
761 2954 855 3017 quem
883 2953 969 2996 mer-

220 3060 292 3101 cem
316 3039 499 3102 rereeunda
526 3036 656 3121 quaevis
683 3056 793 3097 musea
810 3036 968 3098 hactenus

220 3141 454 3221 repudiavere,
492 3155 588 3223 atque
621 3138 734 3199 similis
765 3136 890 3199 fraudis
909 3136 968 3221 fig-

219 3257 363 3304 mentum
381 3257 498 3326 reputo
513 3240 763 3322 inscriptionem
778 3239 818 3300 ad
834 3239 896 3303 hcc
908 3260 963 3302 er·

219 3359 407 3426 gumentum
439 3346 678 3426 pertinentem,
705 3341 867 3423 vulgatum
897 3339 962 3423 pri·

218 3446 294 3507 dem
329 3446 488 3521 aanio,
525 3461 558 3507 et
581 3443 798 3519 Leunclasio,
834 3441 963 3504 restitn-

219 3562 318 3608 tamn
344 3546 488 3609 Grutero
503 3545 552 3624 5¹),
586 3565 680 3629 quam
702 3543 812 3605 lerunt
833 3543 867 3603 in
884 3564 963 3626 pon-

218 3663 251 3711 te
280 3649 420 3709 Danubii
443 3647 483 3710 sd
508 3646 616 3709 ruinas
645 3646 734 3709 urbis
752 3643 891 3708 Werbel
913 3663 964 3706 re·

217 3765 362 3831 pentem:

283 3953 595 4016 enotrunnnm.
635 3949 736 4015 Ave.
776 3949 897 4010 venn-

283 4055 539 4119 ren‘rnucrs.
572 4051 897 4118 sterterent

282 4160 350 4222 nn.
368 4152 895 4247 QvtD.NON.n0n1ET.sVB.

250 4581 274 4629 a·
300 4577 441 4649 rages
460 4592 486 4634 ι.
573 4574 606 4632 tn
629 4573 893 4650 nnxcnnsn.

1707 464 1779 547 [le

1095 598 1248 670 rvevn.
1275 602 1405 670 ecce,
1424 608 1629 681 nineve.
1654 618 1713 679 nr

1292 702 1516 777 usnvnrvs
1671 703 1673 707 ’

1033 903 1085 962 A'n
1115 901 1149 962 in
1181 905 1250 967 ullo
1287 927 1427 992 unquam
1456 912 1677 982 Ilomenorum
1711 926 1779 1006 epi·

1034 1019 1228 1086 grummolo,
1254 1012 1431 1095 praecipue
1454 1015 1603 1099 publico,
1634 1022 1777 1086 similem

1033 1105 1174 1188 legimus
1203 1109 1400 1189 orationem,
1441 1130 1475 1178 et
1499 1131 1563 1181 tam
1588 1121 1776 1189 indecorum

1033 1207 1239 1289 jactantium?
1262 1224 1296 1273 et
1316 1234 1357 1274 cn
1380 1213 1498 1298 dignus
1518 1222 1693 1304 majestate.
1709 1230 1774 1290 Ro-

1034 1330 1126 1371 mans
1163 1310 1290 1392 ineptus
1330 1313 1364 1375 in
1398 1318 1501 1382 verbo
1530 1323 1777 1391 PONTIFICIS

1034 1401 1148 1474 lusus?
1182 1413 1343 1476 Nimirum
1373 1437 1493 1483 recens
1523 1422 1779 1492 adulteratorunr

1033 1512 1122 1576 fraus
1139 1535 1211 1576 sese
1229 1516 1434 1598 potissimum
1455 1521 1488 1582 in
1510 1523 1671 1608 lingendis
1689 1547 1777 1596 vete-

1030 1638 1105 1678 rum
1126 1615 1285 1700 prodigiis
1305 1622 1471 1699 exercuit,
1496 1627 1704 1709 quesnellius
1721 1654 1778 1698 cu·

1030 1715 1115 1799 pidis
1134 1717 1323 1781 illuderent.

1092 1819 1249 1881 Ceterum
1285 1840 1351 1882 non
1385 1821 1541 1903 deluere,
1585 1830 1641 1914 qui
1675 1835 1776 1900 rerba

1029 1920 1145 1983 Dionis
1162 1922 1249 1984 bunc
1266 1933 1401 2004 pontem
1413 1947 1515 2011 usque
1533 1928 1619 1994 adeo
1634 1932 1777 2002 efferen-

1027 2021 1128 2083 tis-in
1157 2043 1297 2085 examen
1324 2041 1499 2105 uocarent,
1534 2051 1777 2126 negarentque,

1028 2143 1125 2205 posse
1146 2123 1233 2186 detes
1254 2125 1294 2188 rb
1313 2146 1354 2189 eo
1376 2148 1542 2194 mensures
1558 2153 1633 2196 cum
1646 2137 1776 2221 legibue
1869 2121 1874 2128 .

1029 2225 1293 2290 architectonicis
1320 2229 1518 2308 consistere,
1555 2253 1773 2325 quantumque

1030 2328 1159 2406 exejus
1181 2328 1345 2413 reliquiis,
1374 2352 1456 2416 quae
1481 2354 1659 2416 supersunt
1675 2344 1775 2411 hodic

1029 2426 1069 2490 nd
1098 2442 1226 2511 portam
1260 2430 1405 2494 ferream
1430 2433 1578 2499 Serrium
1601 2439 1706 2521 inter,
1742 2462 1776 2510 et

1028 2517 1231 2593 Walacbism
1249 2547 1358 2617 potest
1376 2534 1506 2618 colligi,
1535 2559 1617 2623 opus
1645 2546 1786 2611 unirer·'

1025 2652 1095 2692 sum
1112 2631 1250 2694 diditam
1267 2634 1309 2696 dc
1336 2656 1378 2698 eo
1399 2635 1515 2698 lamam
1537 2661 1603 2702 non
1619 2666 1773 2730 sequare,

1025 2733 1174 2817 pilisque
1190 2746 1311 2795 tantum
1328 2734 1428 2799 luisse
1445 2736 1771 2819 lapideus,.lorniees

1025 2833 1166 2916 ligneos.
1206 2832 1292 2902 Vide
1309 2836 1445 2898 Hersilii
1463 2840 1649 2906 Danubium
1674 2851 1771 2913 variis

1026 2933 1126 3009 lucis,
1158 2936 1249 2997 etin
1271 2938 1469 3021 compendio
1490 2954 1600 3006 notem
1626 2948 1770 3014 Reimeri

1025 3037 1066 3099 ud
1081 3037 1169 3100 bunc
1186 3035 1302 3100 Dionis
1319 3038 1438 3102 locum.
1470 3042 1699 3125 Dejiciendum
1717 3073 1770 3114 uu·

1025 3151 1090 3199 tem
1111 3139 1235 3201 curavit
1250 3139 1434 3204 Hadrianus
1449 3157 1616 3225 metuens,
1638 3171 1680 3215 ne
1696 3152 1770 3217 bar.

1020 3238 1091 3303 bsri
1109 3240 1282 3324 oppressis·
1296 3242 1403 3326 pontis
1420 3244 1609 3311 custodibus
1624 3250 1659 3312 in
1674 3256 1765 3318 Moe·

1020 3342 1099 3405 siam
1135 3342 1295 3407 intrarent
1317 3347 1358 3425 ε).
1413 3349 1513 3411 Teste
1547 3350 1712 3438 Procopio
1740 3355 1766 3440 s)

1020 3442 1153 3527 utrique
1168 3445 1277 3527 pontis
1297 3445 1393 3528 cupiti
1411 3447 1554 3510 sdditum
1570 3452 1631 3515 suit
1654 3459 1769 3522 castel·

1019 3543 1105 3619 lum,
1134 3545 1308 3636 operisque
1328 3545 1523 3611 architectus
1543 3552 1767 3634 Apollodorus

1021 3646 1376 3731 Dumnsceuus„quod
1397 3663 1600 3733 postremum
1619 3655 1767 3725 adfirmet
1865 3722 1868 3730 ,
1934 3711 1940 3728 .

1021 3746 1118 3809 etism
1135 3748 1279 3810 'I'zetzes
1295 3750 1338 3828 e).

1045 3842 1050 3859 ”
1082 3849 1134 3910 De
1150 3848 1266 3930 jactato
1283 3850 1348 3914 nlio
1364 3866 1464 3936 ponte
1480 3855 1610 3939 lapideo
1627 3860 1763 3938 inlstro,

1020 3970 1123 4046 opere
1155 3950 1356 4015 Constantini
1384 3958 1446 4031 M„
1487 3978 1524 4019 sc
1551 3960 1656 4022 nnmis
1689 3962 1761 4044 ejus

1019 4052 1174 4130 testibus,
1216 4053 1292 4118 vide
1336 4055 1432 4139 buius
1468 4059 1605 4143 Augusti
1653 4084 1764 4128 mone.

1020 4166 1106 4217 lam..
1296 4213 1303 4225 .
1528 4194 1530 4199 ⁴

984 4576 1015 4642 c)
1036 4575 1064 4627 in
1078 4574 1205 4648 Traiano
1220 4573 1262 4629 nd
1273 4574 1308 4631 V.
1321 4575 1354 4630 C.
1370 4585 1431 4637 858·
1523 4576 1558 4650 d)
1576 4596 1643 4654 pap.
1656 4580 1714 4643 t62.
1730 4585 1757 4646 6,

215 4672 240 4732 11]
265 4668 318 4721 itio
337 4667 353 4721 l.
368 4688 391 4722 c.
485 4665 511 4732 D
532 4662 569 4717 de
588 4662 712 4719 Aedilis.
728 4663 826 4720 lustin.
843 4663 873 4717 L.
887 4662 935 4723 IV.
953 4681 977 4718 e.
989 4665 1016 4723 6.

1109 4661 1399 4752 pummnn

1244 4764 1249 4768 ’
1360 4745 1562 4841 G'scs‘
