<?xml version="1.0" encoding="UTF-8"?>
<!DOCTYPE html PUBLIC "-//W3C//DTD XHTML 1.0 Transitional//EN"
    "http://www.w3.org/TR/xhtml1/DTD/xhtml1-transitional.dtd">
<html xmlns="http://www.w3.org/1999/xhtml" xml:lang="en" lang="en">
 <head>
  <title>
</title>
<meta http-equiv="Content-Type" content="text/html;charset=utf-8" />
  <meta name='ocr-system' content='tesseract 3.04.00' />
  <meta name='ocr-capabilities' content='ocr_page ocr_carea ocr_par ocr_line ocrx_word'/>
</head>
<body>
  <div class='ocr_page' id='page_1' title='image "./doctrinanumorum00steigoog_0235.png"; bbox 0 0 4012 5370; ppageno 0'>
   <div class='ocr_carea' id='block_1_1' title="bbox 219 422 1197 535">
    <p class='ocr_par' dir='ltr' id='par_1_1' title="bbox 219 422 1197 535">
     <span class='ocr_line' id='line_1_1' title="bbox 219 422 1197 535; baseline -0.004 -13"><span class='ocrx_word' id='word_1_1' title='bbox 219 458 291 535; x_wconf 74' lang='lat' dir='ltr'><strong>con</strong></span> <span class='ocrx_word' id='word_1_2' title='bbox 380 422 386 431; x_wconf 86' lang='lat'>&#39;</span> <span class='ocrx_word' id='word_1_3' title='bbox 789 446 1197 523; x_wconf 78' lang='lat' dir='ltr'><strong>eenttentcve.</strong></span> 
     </span>
    </p>
   </div>
   <div class='ocr_carea' id='block_1_2' title="bbox 220 612 1775 1927">
    <p class='ocr_par' dir='ltr' id='par_1_2' title="bbox 222 612 1775 803">
     <span class='ocr_line' id='line_1_2' title="bbox 223 612 1775 707; baseline -0.003 -23"><span class='ocrx_word' id='word_1_4' title='bbox 223 622 297 707; x_wconf 84' lang='lat' dir='ltr'><strong>qnia</strong></span> <span class='ocrx_word' id='word_1_5' title='bbox 316 642 389 684; x_wconf 88' lang='lat' dir='ltr'><strong>oum</strong></span> <span class='ocrx_word' id='word_1_6' title='bbox 407 617 487 703; x_wconf 78' lang='lat' dir='ltr'><strong>Caje</strong></span> <span class='ocrx_word' id='word_1_7' title='bbox 504 618 649 701; x_wconf 79' lang='lat' dir='ltr'><strong>Caligula</strong></span> <span class='ocrx_word' id='word_1_8' title='bbox 675 617 819 702; x_wconf 77' lang='lat' dir='ltr'><strong>partibus</strong></span> <span class='ocrx_word' id='word_1_9' title='bbox 843 632 893 681; x_wconf 88' lang='lat' dir='ltr'><strong>cet</strong></span> <span class='ocrx_word' id='word_1_10' title='bbox 912 637 966 681; x_wconf 89' lang='lat' dir='ltr'><strong>re-</strong></span> <span class='ocrx_word' id='word_1_11' title='bbox 1027 617 1096 680; x_wconf 84' lang='lat' dir='ltr'><strong>Tib.</strong></span> <span class='ocrx_word' id='word_1_12' title='bbox 1114 617 1238 680; x_wconf 80' lang='lat' dir='ltr'><strong>Caesar</strong></span> <span class='ocrx_word' id='word_1_13' title='bbox 1253 612 1363 679; x_wconf 71' lang='lat' dir='ltr'><strong>Drusi</strong></span> <span class='ocrx_word' id='word_1_14' title='bbox 1383 612 1593 681; x_wconf 54' lang='lat' dir='ltr'><strong>caesarei:</strong></span> <span class='ocrx_word' id='word_1_15' title='bbox 1609 612 1669 679; x_wconf 75' lang='lat' dir='ltr'><strong>Aio</strong></span> <span class='ocrx_word' id='word_1_16' title='bbox 1685 614 1775 681; x_wconf 79' lang='lat' dir='ltr'><strong>sitne</strong></span> 
     </span>
     <span class='ocr_line' id='line_1_3' title="bbox 222 714 1131 803; baseline -0.003 -19"><span class='ocrx_word' id='word_1_17' title='bbox 222 725 319 786; x_wconf 89' lang='lat' dir='ltr'><strong>lictue</strong></span> <span class='ocrx_word' id='word_1_18' title='bbox 343 724 391 802; x_wconf 76' lang='lat'><strong>⁸),</strong></span> <span class='ocrx_word' id='word_1_19' title='bbox 425 734 459 784; x_wconf 93' lang='lat' dir='ltr'><strong>et</strong></span> <span class='ocrx_word' id='word_1_20' title='bbox 487 741 622 784; x_wconf 78' lang='lat' dir='ltr'><strong>consors</strong></span> <span class='ocrx_word' id='word_1_21' title='bbox 652 720 783 803; x_wconf 89' lang='lat' dir='ltr'><strong>imperii</strong></span> <span class='ocrx_word' id='word_1_22' title='bbox 812 720 967 783; x_wconf 87' lang='lat' dir='ltr'><strong>conetilu·</strong></span> <span class='ocrx_word' id='word_1_23' title='bbox 1022 731 1075 781; x_wconf 82' lang='lat' dir='ltr'><strong>cst</strong></span> <span class='ocrx_word' id='word_1_24' title='bbox 1093 714 1131 800; x_wconf 81' lang='lat'><strong>¹).</strong></span> 
     </span>
    </p>

    <p class='ocr_par' dir='ltr' id='par_1_3' title="bbox 223 821 966 905">
     <span class='ocr_line' id='line_1_4' title="bbox 223 821 966 905; baseline -0.001 -20"><span class='ocrx_word' id='word_1_25' title='bbox 223 839 274 885; x_wconf 84' lang='lat' dir='ltr'><strong>tue</strong></span> <span class='ocrx_word' id='word_1_26' title='bbox 295 821 340 905; x_wconf 75' lang='lat'><strong>¹³).</strong></span> <span class='ocrx_word' id='word_1_27' title='bbox 371 824 496 890; x_wconf 89' lang='lat' dir='ltr'><strong>Verum</strong></span> <span class='ocrx_word' id='word_1_28' title='bbox 519 823 601 886; x_wconf 86' lang='lat' dir='ltr'><strong>hanc</strong></span> <span class='ocrx_word' id='word_1_29' title='bbox 619 822 746 884; x_wconf 81' lang='lat' dir='ltr'><strong>Tiberii</strong></span> <span class='ocrx_word' id='word_1_30' title='bbox 765 823 966 885; x_wconf 81' lang='lat' dir='ltr'><strong>voluntatem</strong></span> 
     </span>
    </p>

    <p class='ocr_par' dir='ltr' id='par_1_4' title="bbox 221 900 1773 1516">
     <span class='ocr_line' id='line_1_5' title="bbox 224 900 1558 1009; baseline -0.004 -20"><span class='ocrx_word' id='word_1_31' title='bbox 224 924 371 1009; x_wconf 76' lang='lat' dir='ltr'>Caligula</span> <span class='ocrx_word' id='word_1_32' title='bbox 400 924 574 1007; x_wconf 88' lang='lat' dir='ltr'><strong>imperium</strong></span> <span class='ocrx_word' id='word_1_33' title='bbox 603 923 740 1009; x_wconf 85' lang='lat' dir='ltr'><strong>adeptut</strong></span> <span class='ocrx_word' id='word_1_34' title='bbox 770 944 847 987; x_wconf 86' lang='lat' dir='ltr'><strong>mox</strong></span> <span class='ocrx_word' id='word_1_35' title='bbox 875 944 967 986; x_wconf 87' lang='lat' dir='ltr'><strong>aene·</strong></span> <span class='ocrx_word' id='word_1_36' title='bbox 1321 900 1468 967; x_wconf 61' lang='lat' dir='ltr'><strong>Numi-⁸</strong></span> <span class='ocrx_word' id='word_1_37' title='bbox 1553 984 1558 993; x_wconf 85' lang='grc'><strong>,</strong></span> 
     </span>
     <span class='ocr_line' id='line_1_6' title="bbox 223 1019 1773 1111; baseline -0.003 -21"><span class='ocrx_word' id='word_1_38' title='bbox 223 1026 425 1091; x_wconf 82' lang='lat' dir='ltr'><strong>tusconaulto</strong></span> <span class='ocrx_word' id='word_1_39' title='bbox 453 1026 573 1090; x_wconf 83' lang='lat' dir='ltr'><strong>evertit</strong></span> <span class='ocrx_word' id='word_1_40' title='bbox 599 1025 701 1090; x_wconf 80' lang='lat' dir='ltr'><strong>tratre</strong></span> <span class='ocrx_word' id='word_1_41' title='bbox 723 1027 864 1111; x_wconf 86' lang='lat' dir='ltr'><strong>imperio</strong></span> <span class='ocrx_word' id='word_1_42' title='bbox 889 1044 968 1088; x_wconf 82' lang='lat' dir='ltr'><strong>exe·</strong></span> <span class='ocrx_word' id='word_1_43' title='bbox 1086 1019 1198 1105; x_wconf 85' lang='lat' dir='ltr'><strong>Capite</strong></span> <span class='ocrx_word' id='word_1_44' title='bbox 1215 1019 1359 1097; x_wconf 75' lang='lat' dir='ltr'><strong>Tiberii,</strong></span> <span class='ocrx_word' id='word_1_45' title='bbox 1381 1035 1415 1085; x_wconf 89' lang='lat' dir='ltr'><strong>et</strong></span> <span class='ocrx_word' id='word_1_46' title='bbox 1429 1020 1470 1083; x_wconf 86' lang='lat' dir='ltr'><strong>tt.</strong></span> <span class='ocrx_word' id='word_1_47' title='bbox 1487 1020 1686 1087; x_wconf 71' lang='lat' dir='ltr'>Amaltheae</span> <span class='ocrx_word' id='word_1_48' title='bbox 1702 1040 1773 1085; x_wconf 85' lang='lat' dir='ltr'><strong>eor·</strong></span> 
     </span>
     <span class='ocr_line' id='line_1_7' title="bbox 222 1122 1770 1212; baseline -0.002 -21"><span class='ocrx_word' id='word_1_49' title='bbox 222 1143 275 1205; x_wconf 92' lang='lat' dir='ltr'><strong>to,</strong></span> <span class='ocrx_word' id='word_1_50' title='bbox 298 1126 463 1211; x_wconf 86' lang='lat' dir='ltr'><strong>adoptavit</strong></span> <span class='ocrx_word' id='word_1_51' title='bbox 482 1148 557 1189; x_wconf 90' lang='lat' dir='ltr'><strong>eum</strong></span> <span class='ocrx_word' id='word_1_52' title='bbox 576 1141 701 1205; x_wconf 86' lang='lat' dir='ltr'><strong>tamen,</strong></span> <span class='ocrx_word' id='word_1_53' title='bbox 724 1148 762 1191; x_wconf 91' lang='lat' dir='ltr'><strong>ac</strong></span> <span class='ocrx_word' id='word_1_54' title='bbox 782 1128 966 1212; x_wconf 83' lang='lat' dir='ltr'><strong>principem</strong></span> <span class='ocrx_word' id='word_1_55' title='bbox 1022 1123 1080 1189; x_wconf 88' lang='lat' dir='ltr'><strong>nui</strong></span> <span class='ocrx_word' id='word_1_56' title='bbox 1096 1125 1263 1207; x_wconf 76' lang='lat' dir='ltr'><strong>imponite,</strong></span> <span class='ocrx_word' id='word_1_57' title='bbox 1278 1123 1400 1209; x_wconf 75' lang='lat' dir='ltr'><strong>abique</strong></span> <span class='ocrx_word' id='word_1_58' title='bbox 1417 1137 1526 1205; x_wconf 87' lang='lat' dir='ltr'><strong>tamen</strong></span> <span class='ocrx_word' id='word_1_59' title='bbox 1542 1122 1770 1209; x_wconf 83' lang='lat' dir='ltr'><strong>inecriptione,</strong></span> 
     </span>
     <span class='ocr_line' id='line_1_8' title="bbox 221 1223 1769 1317; baseline -0.002 -25"><span class='ocrx_word' id='word_1_60' title='bbox 221 1229 399 1311; x_wconf 78' lang='lat' dir='ltr'><strong>intentatio</strong></span> <span class='ocrx_word' id='word_1_61' title='bbox 427 1228 508 1291; x_wconf 85' lang='lat' dir='ltr'>dixit</span> <span class='ocrx_word' id='word_1_62' title='bbox 532 1229 582 1309; x_wconf 81' lang='lat' dir='ltr'><strong>e),</strong></span> <span class='ocrx_word' id='word_1_63' title='bbox 623 1228 682 1292; x_wconf 88' lang='lat' dir='ltr'><strong>aed</strong></span> <span class='ocrx_word' id='word_1_64' title='bbox 714 1250 798 1317; x_wconf 28' lang='lat' dir='ltr'><strong>mox·</strong></span> <span class='ocrx_word' id='word_1_65' title='bbox 823 1229 967 1314; x_wconf 74' lang='lat' dir='ltr'><strong>quaesita</strong></span> <span class='ocrx_word' id='word_1_66' title='bbox 1025 1238 1216 1309; x_wconf 79' lang='lat' dir='ltr'><strong>comparent</strong></span> <span class='ocrx_word' id='word_1_67' title='bbox 1245 1223 1279 1285; x_wconf 87' lang='lat' dir='ltr'><strong>in</strong></span> <span class='ocrx_word' id='word_1_68' title='bbox 1307 1224 1413 1287; x_wconf 81' lang='lat' dir='ltr'><strong>numia</strong></span> <span class='ocrx_word' id='word_1_69' title='bbox 1445 1228 1559 1291; x_wconf 85' lang='lat' dir='ltr'><strong>aeneia</strong></span> <span class='ocrx_word' id='word_1_70' title='bbox 1588 1228 1615 1291; x_wconf 88' lang='grc'><strong>1.</strong></span> <span class='ocrx_word' id='word_1_71' title='bbox 1647 1226 1769 1289; x_wconf 70' lang='lat' dir='ltr'><strong>formae</strong></span> 
     </span>
     <span class='ocr_line' id='line_1_9' title="bbox 221 1324 1770 1414; baseline -0.002 -20"><span class='ocrx_word' id='word_1_72' title='bbox 221 1352 317 1394; x_wconf 83' lang='lat' dir='ltr'><strong>cauea</strong></span> <span class='ocrx_word' id='word_1_73' title='bbox 337 1327 505 1392; x_wconf 81' lang='lat' dir='ltr'><strong>interfecit</strong></span> <span class='ocrx_word' id='word_1_74' title='bbox 523 1330 563 1396; x_wconf 88' lang='lat' dir='ltr'><strong>V.</strong></span> <span class='ocrx_word' id='word_1_75' title='bbox 581 1330 618 1395; x_wconf 92' lang='lat' dir='ltr'><strong>C.</strong></span> <span class='ocrx_word' id='word_1_76' title='bbox 633 1350 698 1412; x_wconf 75' lang='lat'><strong>79⁰</strong></span> <span class='ocrx_word' id='word_1_77' title='bbox 714 1328 757 1413; x_wconf 79' lang='lat' dir='ltr'><strong>d).</strong></span> <span class='ocrx_word' id='word_1_78' title='bbox 778 1333 872 1414; x_wconf 84' lang='lat' dir='ltr'><strong>Lege</strong></span> <span class='ocrx_word' id='word_1_79' title='bbox 892 1330 968 1391; x_wconf 89' lang='lat' dir='ltr'><strong>Phi-</strong></span> <span class='ocrx_word' id='word_1_80' title='bbox 1024 1327 1125 1391; x_wconf 79' lang='lat' dir='ltr'><strong>Drusi</strong></span> <span class='ocrx_word' id='word_1_81' title='bbox 1142 1324 1290 1389; x_wconf 81' lang='lat' dir='ltr'><strong>Caesarie</strong></span> <span class='ocrx_word' id='word_1_82' title='bbox 1304 1326 1423 1409; x_wconf 88' lang='lat' dir='ltr'><strong>patria,</strong></span> <span class='ocrx_word' id='word_1_83' title='bbox 1446 1347 1529 1413; x_wconf 85' lang='lat' dir='ltr'><strong>quoe</strong></span> <span class='ocrx_word' id='word_1_84' title='bbox 1546 1348 1651 1413; x_wconf 85' lang='lat' dir='ltr'><strong>aupra</strong></span> <span class='ocrx_word' id='word_1_85' title='bbox 1665 1328 1701 1393; x_wconf 89' lang='lat' dir='ltr'><strong>itt</strong></span> <span class='ocrx_word' id='word_1_86' title='bbox 1715 1326 1770 1393; x_wconf 89' lang='lat' dir='ltr'><strong>lm·</strong></span> 
     </span>
     <span class='ocr_line' id='line_1_10' title="bbox 221 1427 1408 1516; baseline -0.002 -23"><span class='ocrx_word' id='word_1_87' title='bbox 221 1431 332 1494; x_wconf 83' lang='lat' dir='ltr'><strong>ionem</strong></span> <span class='ocrx_word' id='word_1_88' title='bbox 361 1429 515 1493; x_wconf 85' lang='lat' dir='ltr'><strong>ledaeum</strong></span> <span class='ocrx_word' id='word_1_89' title='bbox 543 1430 712 1495; x_wconf 80' lang='lat' dir='ltr'><strong>infelicem</strong></span> <span class='ocrx_word' id='word_1_90' title='bbox 742 1433 869 1515; x_wconf 81' lang='lat' dir='ltr'><strong>juvenis</strong></span> <span class='ocrx_word' id='word_1_91' title='bbox 901 1433 967 1495; x_wconf 87' lang='lat' dir='ltr'><strong>exi·</strong></span> <span class='ocrx_word' id='word_1_92' title='bbox 1024 1430 1075 1516; x_wconf 86' lang='lat' dir='ltr'><strong>jue</strong></span> <span class='ocrx_word' id='word_1_93' title='bbox 1091 1427 1408 1513; x_wconf 86' lang='lat' dir='ltr'><strong>monetadeecripai.</strong></span> 
     </span>
    </p>

    <p class='ocr_par' dir='ltr' id='par_1_5' title="bbox 220 1528 1767 1927">
     <span class='ocr_line' id='line_1_11' title="bbox 220 1528 1767 1618; baseline -0.001 -23"><span class='ocrx_word' id='word_1_94' title='bbox 220 1546 289 1595; x_wconf 88' lang='lat' dir='ltr'><strong>tum</strong></span> <span class='ocrx_word' id='word_1_95' title='bbox 310 1532 433 1615; x_wconf 80' lang='lat' dir='ltr'><strong>tragice</strong></span> <span class='ocrx_word' id='word_1_96' title='bbox 453 1530 693 1595; x_wconf 76' lang='lat' dir='ltr'><strong>describentem</strong></span> <span class='ocrx_word' id='word_1_97' title='bbox 711 1534 752 1614; x_wconf 58' lang='lat' dir='ltr'><strong>a),</strong></span> <span class='ocrx_word' id='word_1_98' title='bbox 774 1534 872 1618; x_wconf 78' lang='lat' dir='ltr'><strong>Lapis</strong></span> <span class='ocrx_word' id='word_1_99' title='bbox 892 1555 968 1618; x_wconf 91' lang='lat' dir='ltr'><strong>pro·</strong></span> <span class='ocrx_word' id='word_1_100' title='bbox 1087 1530 1267 1615; x_wconf 78' lang='lat' dir='ltr'><strong>Vtriusque</strong></span> <span class='ocrx_word' id='word_1_101' title='bbox 1282 1530 1380 1593; x_wconf 90' lang='lat' dir='ltr'><strong>etiem</strong></span> <span class='ocrx_word' id='word_1_102' title='bbox 1396 1542 1494 1615; x_wconf 84' lang='lat' dir='ltr'><strong>eaput</strong></span> <span class='ocrx_word' id='word_1_103' title='bbox 1508 1528 1544 1592; x_wconf 94' lang='lat' dir='ltr'><strong>in</strong></span> <span class='ocrx_word' id='word_1_104' title='bbox 1557 1528 1767 1597; x_wconf 75' lang='lat' dir='ltr'><strong>auno-Grae·</strong></span> 
     </span>
     <span class='ocr_line' id='line_1_12' title="bbox 221 1630 1763 1718; baseline 0.003 -25"><span class='ocrx_word' id='word_1_105' title='bbox 221 1654 264 1715; x_wconf 87' lang='lat' dir='ltr'><strong>pc</strong></span> <span class='ocrx_word' id='word_1_106' title='bbox 285 1647 408 1715; x_wconf 68' lang='lat' dir='ltr'><strong>portam</strong></span> <span class='ocrx_word' id='word_1_107' title='bbox 426 1635 617 1697; x_wconf 86' lang='lat' dir='ltr'><strong>Flaminiam</strong></span> <span class='ocrx_word' id='word_1_108' title='bbox 639 1656 745 1718; x_wconf 84' lang='lat' dir='ltr'><strong>nnpcr</strong></span> <span class='ocrx_word' id='word_1_109' title='bbox 763 1636 901 1698; x_wconf 77' lang='lat' dir='ltr'><strong>effossus</strong></span> <span class='ocrx_word' id='word_1_110' title='bbox 921 1638 968 1697; x_wconf 90' lang='lat' dir='ltr'><strong>in·</strong></span> <span class='ocrx_word' id='word_1_111' title='bbox 1024 1654 1064 1697; x_wconf 92' lang='lat' dir='ltr'><strong>co</strong></span> <span class='ocrx_word' id='word_1_112' title='bbox 1083 1632 1198 1697; x_wconf 80' lang='lat' dir='ltr'><strong>ridere</strong></span> <span class='ocrx_word' id='word_1_113' title='bbox 1220 1632 1280 1695; x_wconf 89' lang='lat' dir='ltr'><strong>eibi</strong></span> <span class='ocrx_word' id='word_1_114' title='bbox 1302 1636 1388 1697; x_wconf 81' lang='lat' dir='ltr'><strong>tiana</strong></span> <span class='ocrx_word' id='word_1_115' title='bbox 1411 1646 1462 1696; x_wconf 85' lang='lat' dir='ltr'><strong>eat</strong></span> <span class='ocrx_word' id='word_1_116' title='bbox 1480 1634 1688 1710; x_wconf 82' lang='lat' dir='ltr'><strong>Harduinna,</strong></span> <span class='ocrx_word' id='word_1_117' title='bbox 1711 1630 1763 1697; x_wconf 79' lang='lat' dir='ltr'><strong>aad</strong></span> 
     </span>
     <span class='ocr_line' id='line_1_13' title="bbox 222 1732 1763 1821; baseline 0.003 -24"><span class='ocrx_word' id='word_1_118' title='bbox 222 1736 355 1798; x_wconf 80' lang='lat' dir='ltr'><strong>felicem</strong></span> <span class='ocrx_word' id='word_1_119' title='bbox 373 1734 458 1798; x_wconf 91' lang='lat' dir='ltr'><strong>hunc</strong></span> <span class='ocrx_word' id='word_1_120' title='bbox 479 1736 722 1799; x_wconf 80' lang='lat' dir='ltr'><strong>adolescentem</strong></span> <span class='ocrx_word' id='word_1_121' title='bbox 741 1756 782 1800; x_wconf 92' lang='lat' dir='ltr'><strong>eo</strong></span> <span class='ocrx_word' id='word_1_122' title='bbox 798 1737 873 1801; x_wconf 88' lang='lat' dir='ltr'><strong>loco</strong></span> <span class='ocrx_word' id='word_1_123' title='bbox 890 1738 968 1800; x_wconf 82' lang='lat' dir='ltr'><strong>suis·</strong></span> <span class='ocrx_word' id='word_1_124' title='bbox 1024 1756 1118 1821; x_wconf 88' lang='lat' dir='ltr'><strong>quam</strong></span> <span class='ocrx_word' id='word_1_125' title='bbox 1136 1733 1329 1800; x_wconf 81' lang='lat' dir='ltr'><strong>ae&#39;ntentiem</strong></span> <span class='ocrx_word' id='word_1_126' title='bbox 1344 1756 1443 1819; x_wconf 76' lang='lat' dir='ltr'><strong>cupre</strong></span> <span class='ocrx_word' id='word_1_127' title='bbox 1457 1732 1494 1797; x_wconf 88' lang='lat' dir='ltr'><strong>in</strong></span> <span class='ocrx_word' id='word_1_128' title='bbox 1509 1734 1661 1820; x_wconf 74' lang='lat' dir='ltr'><strong>ejusdem</strong></span> <span class='ocrx_word' id='word_1_129' title='bbox 1672 1734 1763 1801; x_wconf 78' lang='lat' dir='ltr'><strong>uruat</strong></span> 
     </span>
     <span class='ocr_line' id='line_1_14' title="bbox 222 1824 1326 1927; baseline -0.004 -24"><span class='ocrx_word' id='word_1_130' title='bbox 222 1858 258 1903; x_wconf 87' lang='lat' dir='ltr'><strong>ec</strong></span> <span class='ocrx_word' id='word_1_131' title='bbox 280 1836 443 1924; x_wconf 89' lang='lat' dir='ltr'><strong>aepultum</strong></span> <span class='ocrx_word' id='word_1_132' title='bbox 465 1851 602 1902; x_wconf 82' lang='lat' dir='ltr'><strong>testatur</strong></span> <span class='ocrx_word' id='word_1_133' title='bbox 623 1835 688 1902; x_wconf 88' lang='lat' dir='ltr'><strong>hoe</strong></span> <span class='ocrx_word' id='word_1_134' title='bbox 716 1824 966 1927; x_wconf 76' lang='lat' dir='ltr'><strong>epigrammatea</strong></span> <span class='ocrx_word' id='word_1_135' title='bbox 1023 1838 1129 1903; x_wconf 82' lang='lat' dir='ltr'><strong>numia</strong></span> <span class='ocrx_word' id='word_1_136' title='bbox 1147 1832 1326 1902; x_wconf 79' lang='lat' dir='ltr'><strong>confutati.</strong></span> 
     </span>
    </p>
   </div>
   <div class='ocr_carea' id='block_1_3' title="bbox 801 2116 1194 2185">
    <p class='ocr_par' dir='ltr' id='par_1_6' title="bbox 801 2116 1194 2185">
     <span class='ocr_line' id='line_1_15' title="bbox 801 2116 1194 2185; baseline -0.003 -4"><span class='ocrx_word' id='word_1_137' title='bbox 801 2116 1194 2185; x_wconf 78' lang='lat' dir='ltr'><strong>GERMAA&#39;ICVS.</strong></span> 
     </span>
    </p>
   </div>
   <div class='ocr_carea' id='block_1_4' title="bbox 221 2274 1779 4301">
    <p class='ocr_par' dir='ltr' id='par_1_7' title="bbox 221 2274 1779 4301">
     <span class='ocr_line' id='line_1_16' title="bbox 287 2274 1756 2365; baseline -0.002 -21"><span class='ocrx_word' id='word_1_138' title='bbox 287 2286 385 2346; x_wconf 81' lang='lat' dir='ltr'><strong>Natus</strong></span> <span class='ocrx_word' id='word_1_139' title='bbox 402 2286 512 2345; x_wconf 77' lang='lat' dir='ltr'><strong>Druso</strong></span> <span class='ocrx_word' id='word_1_140' title='bbox 528 2283 675 2361; x_wconf 74' lang='lat' dir='ltr'><strong>seniore,</strong></span> <span class='ocrx_word' id='word_1_141' title='bbox 698 2297 732 2346; x_wconf 91' lang='lat' dir='ltr'><strong>et</strong></span> <span class='ocrx_word' id='word_1_142' title='bbox 750 2285 889 2349; x_wconf 88' lang='lat' dir='ltr'><strong>Antonia</strong></span> <span class='ocrx_word' id='word_1_143' title='bbox 908 2286 967 2347; x_wconf 90' lang='lat' dir='ltr'><strong>mi·</strong></span> <span class='ocrx_word' id='word_1_144' title='bbox 1023 2301 1159 2348; x_wconf 81' lang='lat' dir='ltr'><strong>movere</strong></span> <span class='ocrx_word' id='word_1_145' title='bbox 1187 2278 1346 2356; x_wconf 81' lang='lat' dir='ltr'><strong>volentia,</strong></span> <span class='ocrx_word' id='word_1_146' title='bbox 1377 2279 1515 2365; x_wconf 76' lang='lat' dir='ltr'><strong>cupivit,</strong></span> <span class='ocrx_word' id='word_1_147' title='bbox 1546 2274 1700 2358; x_wconf 81' lang='lat' dir='ltr'><strong>minatae,</strong></span> <span class='ocrx_word' id='word_1_148' title='bbox 1726 2278 1756 2341; x_wconf 87' lang='lat' dir='ltr'><strong>ni</strong></span> 
     </span>
     <span class='ocr_line' id='line_1_17' title="bbox 222 2380 1756 2471; baseline -0.001 -25"><span class='ocrx_word' id='word_1_149' title='bbox 222 2405 304 2447; x_wconf 88' lang='lat' dir='ltr'><strong>nore</strong></span> <span class='ocrx_word' id='word_1_150' title='bbox 328 2387 369 2451; x_wconf 97' lang='lat' dir='ltr'><strong>V.</strong></span> <span class='ocrx_word' id='word_1_151' title='bbox 389 2386 425 2449; x_wconf 91' lang='lat' dir='ltr'><strong>C.</strong></span> <span class='ocrx_word' id='word_1_152' title='bbox 447 2384 528 2465; x_wconf 71' lang='lat'><strong>739,</strong></span> <span class='ocrx_word' id='word_1_153' title='bbox 564 2406 637 2446; x_wconf 87' lang='lat' dir='ltr'><strong>nam</strong></span> <span class='ocrx_word' id='word_1_154' title='bbox 664 2386 705 2453; x_wconf 89' lang='lat' dir='ltr'><strong>V.</strong></span> <span class='ocrx_word' id='word_1_155' title='bbox 725 2386 761 2447; x_wconf 85' lang='lat' dir='ltr'><strong>C.</strong></span> <span class='ocrx_word' id='word_1_156' title='bbox 783 2406 865 2470; x_wconf 78' lang='lat'><strong>772,</strong></span> <span class='ocrx_word' id='word_1_157' title='bbox 901 2408 965 2471; x_wconf 90' lang='lat' dir='ltr'><strong>quo</strong></span> <span class='ocrx_word' id='word_1_158' title='bbox 1023 2387 1212 2461; x_wconf 70' lang='lat' dir='ltr'><strong>absisteret,</strong></span> <span class='ocrx_word' id='word_1_159' title='bbox 1243 2403 1279 2446; x_wconf 82' lang='lat' dir='ltr'><strong>se</strong></span> <span class='ocrx_word' id='word_1_160' title='bbox 1306 2382 1341 2443; x_wconf 89' lang='lat' dir='ltr'><strong>in</strong></span> <span class='ocrx_word' id='word_1_161' title='bbox 1369 2380 1419 2444; x_wconf 83' lang='lat' dir='ltr'><strong>sui</strong></span> <span class='ocrx_word' id='word_1_162' title='bbox 1446 2381 1583 2457; x_wconf 80' lang='lat' dir='ltr'><strong>caedem</strong></span> <span class='ocrx_word' id='word_1_163' title='bbox 1606 2394 1756 2469; x_wconf 80' lang='lat' dir='ltr'><strong>paratura,</strong></span> 
     </span>
     <span class='ocr_line' id='line_1_18' title="bbox 223 2480 1758 2572; baseline 0.001 -26"><span class='ocrx_word' id='word_1_164' title='bbox 223 2500 370 2547; x_wconf 86' lang='lat' dir='ltr'><strong>mortona</strong></span> <span class='ocrx_word' id='word_1_165' title='bbox 412 2499 482 2563; x_wconf 85' lang='lat' dir='ltr'><strong>eet,</strong></span> <span class='ocrx_word' id='word_1_166' title='bbox 533 2485 651 2567; x_wconf 81' lang='lat' dir='ltr'><strong>egebat</strong></span> <span class='ocrx_word' id='word_1_167' title='bbox 692 2508 810 2549; x_wconf 88' lang='lat' dir='ltr'><strong>annum</strong></span> <span class='ocrx_word' id='word_1_168' title='bbox 853 2489 967 2551; x_wconf 82' lang='lat' dir='ltr'><strong>aetatis</strong></span> <span class='ocrx_word' id='word_1_169' title='bbox 1023 2502 1120 2572; x_wconf 85' lang='lat' dir='ltr'><strong>atque</strong></span> <span class='ocrx_word' id='word_1_170' title='bbox 1144 2484 1257 2551; x_wconf 83' lang='lat' dir='ltr'><strong>effecit</strong></span> <span class='ocrx_word' id='word_1_171' title='bbox 1276 2484 1471 2562; x_wconf 83' lang='lat' dir='ltr'><strong>conatantie,</strong></span> <span class='ocrx_word' id='word_1_172' title='bbox 1499 2498 1536 2548; x_wconf 90' lang='lat' dir='ltr'><strong>ut</strong></span> <span class='ocrx_word' id='word_1_173' title='bbox 1558 2484 1646 2547; x_wconf 89' lang='lat' dir='ltr'><strong>baud</strong></span> <span class='ocrx_word' id='word_1_174' title='bbox 1666 2480 1758 2547; x_wconf 84' lang='lat' dir='ltr'><strong>mutto</strong></span> 
     </span>
     <span class='ocr_line' id='line_1_19' title="bbox 223 2584 1763 2681; baseline 0.001 -32"><span class='ocrx_word' id='word_1_175' title='bbox 223 2588 355 2650; x_wconf 83' lang='lat' dir='ltr'><strong>xxxtt.</strong></span> <span class='ocrx_word' id='word_1_176' title='bbox 381 2588 422 2668; x_wconf 81' lang='lat' dir='ltr'><strong>tt).</strong></span> <span class='ocrx_word' id='word_1_177' title='bbox 460 2586 646 2649; x_wconf 76' lang='lat' dir='ltr'><strong>Germanici</strong></span> <span class='ocrx_word' id='word_1_178' title='bbox 673 2608 795 2651; x_wconf 87' lang='lat' dir='ltr'><strong>nomen</strong></span> <span class='ocrx_word' id='word_1_179' title='bbox 824 2589 921 2650; x_wconf 85' lang='lat' dir='ltr'><strong>traxit</strong></span> <span class='ocrx_word' id='word_1_180' title='bbox 948 2614 966 2651; x_wconf 90' lang='lat' dir='ltr'><strong>a</strong></span> <span class='ocrx_word' id='word_1_181' title='bbox 1023 2602 1098 2673; x_wconf 84' lang='lat' dir='ltr'><strong>poet</strong></span> <span class='ocrx_word' id='word_1_182' title='bbox 1132 2588 1167 2650; x_wconf 88' lang='lat' dir='ltr'><strong>iu</strong></span> <span class='ocrx_word' id='word_1_183' title='bbox 1203 2585 1329 2649; x_wconf 85' lang='lat' dir='ltr'><strong>Tiberii</strong></span> <span class='ocrx_word' id='word_1_184' title='bbox 1361 2585 1464 2649; x_wconf 81' lang='lat' dir='ltr'><strong>rerba</strong></span> <span class='ocrx_word' id='word_1_185' title='bbox 1499 2588 1637 2667; x_wconf 83' lang='lat' dir='ltr'><strong>juraret.</strong></span> <span class='ocrx_word' id='word_1_186' title='bbox 1677 2584 1763 2681; x_wconf 80' lang='lat' dir='ltr'><strong>Quae</strong></span> 
     </span>
     <span class='ocr_line' id='line_1_20' title="bbox 223 2686 1759 2773; baseline 0 -25"><span class='ocrx_word' id='word_1_187' title='bbox 223 2703 316 2772; x_wconf 87' lang='lat' dir='ltr'><strong>patre</strong></span> <span class='ocrx_word' id='word_1_188' title='bbox 339 2690 468 2765; x_wconf 85' lang='lat' dir='ltr'><strong>Druso,</strong></span> <span class='ocrx_word' id='word_1_189' title='bbox 498 2701 534 2749; x_wconf 90' lang='lat' dir='ltr'><strong>ut</strong></span> <span class='ocrx_word' id='word_1_190' title='bbox 560 2709 656 2771; x_wconf 78' lang='lat' dir='ltr'><strong>cupra</strong></span> <span class='ocrx_word' id='word_1_191' title='bbox 684 2690 717 2750; x_wconf 91' lang='lat' dir='ltr'><strong>in</strong></span> <span class='ocrx_word' id='word_1_192' title='bbox 744 2690 839 2773; x_wconf 85' lang='lat' dir='ltr'><strong>hujus</strong></span> <span class='ocrx_word' id='word_1_193' title='bbox 861 2692 966 2752; x_wconf 85' lang='lat' dir='ltr'><strong>numia</strong></span> <span class='ocrx_word' id='word_1_194' title='bbox 1027 2687 1164 2752; x_wconf 88' lang='lat' dir='ltr'><strong>enbinde</strong></span> <span class='ocrx_word' id='word_1_195' title='bbox 1206 2687 1393 2753; x_wconf 88' lang='lat' dir='ltr'><strong>continuato</strong></span> <span class='ocrx_word' id='word_1_196' title='bbox 1435 2687 1634 2763; x_wconf 86' lang='lat' dir='ltr'><strong>Germaniae</strong></span> <span class='ocrx_word' id='word_1_197' title='bbox 1674 2686 1759 2763; x_wconf 86' lang='lat' dir='ltr'><strong>:balle</strong></span> 
     </span>
     <span class='ocr_line' id='line_1_21' title="bbox 224 2790 1760 2876; baseline 0.002 -26"><span class='ocrx_word' id='word_1_198' title='bbox 224 2790 356 2851; x_wconf 90' lang='lat' dir='ltr'><strong>dictum.</strong></span> <span class='ocrx_word' id='word_1_199' title='bbox 399 2792 440 2853; x_wconf 89' lang='lat' dir='ltr'><strong>V.</strong></span> <span class='ocrx_word' id='word_1_200' title='bbox 465 2790 500 2854; x_wconf 88' lang='lat' dir='ltr'><strong>C.</strong></span> <span class='ocrx_word' id='word_1_201' title='bbox 526 2792 589 2871; x_wconf 83' lang='lat'><strong>757</strong></span> <span class='ocrx_word' id='word_1_202' title='bbox 621 2790 789 2874; x_wconf 85' lang='lat' dir='ltr'><strong>adoptatae</strong></span> <span class='ocrx_word' id='word_1_203' title='bbox 821 2815 839 2854; x_wconf 90' lang='lat' dir='ltr'><strong>a</strong></span> <span class='ocrx_word' id='word_1_204' title='bbox 872 2791 970 2855; x_wconf 80' lang='lat' dir='ltr'><strong>Tibe·</strong></span> <span class='ocrx_word' id='word_1_205' title='bbox 1027 2792 1197 2876; x_wconf 86' lang='lat' dir='ltr'><strong>praeclare</strong></span> <span class='ocrx_word' id='word_1_206' title='bbox 1221 2790 1379 2874; x_wconf 78' lang='lat' dir='ltr'><strong>genuerit,</strong></span> <span class='ocrx_word' id='word_1_207' title='bbox 1403 2808 1552 2874; x_wconf 79' lang='lat' dir='ltr'><strong>quosque</strong></span> <span class='ocrx_word' id='word_1_208' title='bbox 1574 2790 1653 2855; x_wconf 86' lang='lat' dir='ltr'><strong>iude</strong></span> <span class='ocrx_word' id='word_1_209' title='bbox 1675 2790 1760 2855; x_wconf 88' lang='lat' dir='ltr'><strong>bont·</strong></span> 
     </span>
     <span class='ocr_line' id='line_1_22' title="bbox 224 2878 1779 2974; baseline 0 -21"><span class='ocrx_word' id='word_1_210' title='bbox 224 2893 275 2953; x_wconf 82' lang='lat' dir='ltr'><strong>rio</strong></span> <span class='ocrx_word' id='word_1_211' title='bbox 298 2889 437 2974; x_wconf 79' lang='lat' dir='ltr'><strong>Augusti</strong></span> <span class='ocrx_word' id='word_1_212' title='bbox 458 2891 564 2971; x_wconf 77' lang='lat' dir='ltr'><strong>jussu,</strong></span> <span class='ocrx_word' id='word_1_213' title='bbox 588 2891 708 2953; x_wconf 78' lang='lat' dir='ltr'><strong>Caesar</strong></span> <span class='ocrx_word' id='word_1_214' title='bbox 725 2893 851 2955; x_wconf 87' lang='lat' dir='ltr'><strong>Tiberii</strong></span> <span class='ocrx_word' id='word_1_215' title='bbox 873 2893 971 2970; x_wconf 80' lang='lat' dir='ltr'><strong>titius,</strong></span> <span class='ocrx_word' id='word_1_216' title='bbox 1027 2915 1084 2957; x_wconf 82' lang='lat' dir='ltr'><strong>rea</strong></span> <span class='ocrx_word' id='word_1_217' title='bbox 1105 2892 1294 2969; x_wconf 70' lang='lat' dir='ltr'><strong>abstulerit,</strong></span> <span class='ocrx_word' id='word_1_218' title='bbox 1324 2892 1357 2952; x_wconf 87' lang='lat' dir='ltr'><strong>iu</strong></span> <span class='ocrx_word' id='word_1_219' title='bbox 1379 2878 1508 2955; x_wconf 72' lang='lat' dir='ltr'><strong>Tiberii</strong></span> <span class='ocrx_word' id='word_1_220' title='bbox 1533 2892 1704 2957; x_wconf 72' lang='lat' dir='ltr'><strong>annalibus</strong></span> <span class='ocrx_word' id='word_1_221' title='bbox 1724 2888 1779 2953; x_wconf 71' lang='lat' dir='ltr'><strong>di·</strong></span> 
     </span>
     <span class='ocr_line' id='line_1_23' title="bbox 225 2991 1760 3078; baseline 0.002 -24"><span class='ocrx_word' id='word_1_222' title='bbox 225 2994 365 3076; x_wconf 75' lang='lat' dir='ltr'><strong>Augusti</strong></span> <span class='ocrx_word' id='word_1_223' title='bbox 394 3011 497 3074; x_wconf 80' lang='lat' dir='ltr'><strong>nepae</strong></span> <span class='ocrx_word' id='word_1_224' title='bbox 524 2991 682 3073; x_wconf 90' lang='lat' dir='ltr'><strong>appellari</strong></span> <span class='ocrx_word' id='word_1_225' title='bbox 709 2995 829 3077; x_wconf 89' lang='lat' dir='ltr'><strong>coepit.</strong></span> <span class='ocrx_word' id='word_1_226' title='bbox 872 2996 914 3060; x_wconf 96' lang='lat' dir='ltr'><strong>V.</strong></span> <span class='ocrx_word' id='word_1_227' title='bbox 933 2997 970 3062; x_wconf 89' lang='lat' dir='ltr'><strong>C.</strong></span> <span class='ocrx_word' id='word_1_228' title='bbox 1031 3008 1121 3078; x_wconf 83' lang='lat' dir='ltr'><strong>geete</strong></span> <span class='ocrx_word' id='word_1_229' title='bbox 1158 3008 1242 3060; x_wconf 82' lang='lat' dir='ltr'><strong>eunt.</strong></span> <span class='ocrx_word' id='word_1_230' title='bbox 1285 2995 1327 3061; x_wconf 87' lang='lat' dir='ltr'><strong>V.</strong></span> <span class='ocrx_word' id='word_1_231' title='bbox 1349 2994 1386 3055; x_wconf 84' lang='lat' dir='ltr'><strong>C.</strong></span> <span class='ocrx_word' id='word_1_232' title='bbox 1413 3015 1474 3077; x_wconf 86' lang='lat'><strong>77¹</strong></span> <span class='ocrx_word' id='word_1_233' title='bbox 1496 2996 1627 3058; x_wconf 79' lang='lat' dir='ltr'><strong>consul</strong></span> <span class='ocrx_word' id='word_1_234' title='bbox 1656 2996 1760 3059; x_wconf 75' lang='lat' dir='ltr'><strong>iterun</strong></span> 
     </span>
     <span class='ocr_line' id='line_1_24' title="bbox 225 3092 1762 3183; baseline 0.004 -29"><span class='ocrx_word' id='word_1_235' title='bbox 225 3094 288 3174; x_wconf 74' lang='lat'><strong>700</strong></span> <span class='ocrx_word' id='word_1_236' title='bbox 304 3107 511 3183; x_wconf 76' lang='lat' dir='ltr'><strong>quaesturam</strong></span> <span class='ocrx_word' id='word_1_237' title='bbox 527 3092 623 3165; x_wconf 91' lang='lat' dir='ltr'><strong>obiit,</strong></span> <span class='ocrx_word' id='word_1_238' title='bbox 643 3107 677 3155; x_wconf 89' lang='lat' dir='ltr'><strong>et</strong></span> <span class='ocrx_word' id='word_1_239' title='bbox 693 3094 830 3158; x_wconf 87' lang='lat' dir='ltr'><strong>Tiberio</strong></span> <span class='ocrx_word' id='word_1_240' title='bbox 846 3095 887 3157; x_wconf 89' lang='lat' dir='ltr'><strong>ed</strong></span> <span class='ocrx_word' id='word_1_241' title='bbox 904 3095 973 3158; x_wconf 88' lang='lat' dir='ltr'><strong>bel·</strong></span> <span class='ocrx_word' id='word_1_242' title='bbox 1030 3094 1116 3179; x_wconf 89' lang='lat' dir='ltr'><strong>apud</strong></span> <span class='ocrx_word' id='word_1_243' title='bbox 1139 3095 1314 3180; x_wconf 86' lang='lat' dir='ltr'><strong>Nicopolin</strong></span> <span class='ocrx_word' id='word_1_244' title='bbox 1333 3094 1478 3159; x_wconf 87' lang='lat' dir='ltr'><strong>Achaiae</strong></span> <span class='ocrx_word' id='word_1_245' title='bbox 1503 3096 1657 3179; x_wconf 85' lang='lat' dir='ltr'><strong>procedit</strong></span> <span class='ocrx_word' id='word_1_246' title='bbox 1676 3092 1717 3178; x_wconf 88' lang='lat'><strong>¹),</strong></span> <span class='ocrx_word' id='word_1_247' title='bbox 1735 3106 1762 3159; x_wconf 69' lang='grc' dir='ltr'><strong>α</strong></span> 
     </span>
     <span class='ocr_line' id='line_1_25' title="bbox 225 3191 1760 3282; baseline 0.003 -27"><span class='ocrx_word' id='word_1_248' title='bbox 225 3195 293 3255; x_wconf 90' lang='lat' dir='ltr'><strong>lum</strong></span> <span class='ocrx_word' id='word_1_249' title='bbox 310 3191 527 3253; x_wconf 85' lang='lat' dir='ltr'><strong>Delmaticum</strong></span> <span class='ocrx_word' id='word_1_250' title='bbox 556 3192 701 3255; x_wconf 77' lang='lat' dir='ltr'><strong>subsidio</strong></span> <span class='ocrx_word' id='word_1_251' title='bbox 719 3197 835 3259; x_wconf 75' lang='lat' dir='ltr'><strong>misane</strong></span> <span class='ocrx_word' id='word_1_252' title='bbox 857 3210 908 3259; x_wconf 85' lang='lat' dir='ltr'><strong>eet</strong></span> <span class='ocrx_word' id='word_1_253' title='bbox 926 3194 972 3279; x_wconf 74' lang='grc'><strong>11).</strong></span> <span class='ocrx_word' id='word_1_254' title='bbox 1030 3198 1164 3282; x_wconf 87' lang='lat' dir='ltr'><strong>quidem</strong></span> <span class='ocrx_word' id='word_1_255' title='bbox 1186 3199 1325 3281; x_wconf 88' lang='lat' dir='ltr'><strong>conlega</strong></span> <span class='ocrx_word' id='word_1_256' title='bbox 1347 3195 1502 3271; x_wconf 80' lang='lat' dir='ltr'><strong>Tiberio,</strong></span> <span class='ocrx_word' id='word_1_257' title='bbox 1534 3193 1760 3281; x_wconf 74' lang='lat' dir='ltr'><strong>minuatque-ie</strong></span> 
     </span>
     <span class='ocr_line' id='line_1_26' title="bbox 227 3291 1761 3384; baseline 0.005 -28"><span class='ocrx_word' id='word_1_258' title='bbox 227 3296 277 3356; x_wconf 85' lang='lat' dir='ltr'><strong>Ex</strong></span> <span class='ocrx_word' id='word_1_259' title='bbox 301 3293 399 3356; x_wconf 88' lang='lat' dir='ltr'><strong>rebua</strong></span> <span class='ocrx_word' id='word_1_260' title='bbox 421 3291 485 3356; x_wconf 88' lang='lat' dir='ltr'><strong>hoe</strong></span> <span class='ocrx_word' id='word_1_261' title='bbox 506 3292 596 3356; x_wconf 90' lang='lat' dir='ltr'><strong>bello</strong></span> <span class='ocrx_word' id='word_1_262' title='bbox 618 3297 786 3378; x_wconf 86' lang='lat' dir='ltr'><strong>praeclare</strong></span> <span class='ocrx_word' id='word_1_263' title='bbox 805 3299 906 3380; x_wconf 77' lang='lat' dir='ltr'><strong>gestie</strong></span> <span class='ocrx_word' id='word_1_264' title='bbox 926 3300 975 3360; x_wconf 92' lang='lat' dir='ltr'><strong>in·</strong></span> <span class='ocrx_word' id='word_1_265' title='bbox 1031 3298 1204 3361; x_wconf 85' lang='lat' dir='ltr'><strong>Orientem</strong></span> <span class='ocrx_word' id='word_1_266' title='bbox 1228 3299 1393 3363; x_wconf 78' lang='lat' dir='ltr'><strong>Artaxiam</strong></span> <span class='ocrx_word' id='word_1_267' title='bbox 1417 3298 1598 3363; x_wconf 82' lang='lat' dir='ltr'><strong>Armeniae</strong></span> <span class='ocrx_word' id='word_1_268' title='bbox 1619 3296 1761 3384; x_wconf 79' lang='lat' dir='ltr'><strong>praeficit,</strong></span> 
     </span>
     <span class='ocr_line' id='line_1_27' title="bbox 227 3394 1761 3487; baseline 0.003 -27"><span class='ocrx_word' id='word_1_269' title='bbox 227 3398 331 3482; x_wconf 72' lang='lat' dir='ltr'><strong>signia</strong></span> <span class='ocrx_word' id='word_1_270' title='bbox 356 3394 580 3478; x_wconf 86' lang='lat' dir='ltr'><strong>triumphalia,</strong></span> <span class='ocrx_word' id='word_1_271' title='bbox 606 3408 639 3459; x_wconf 90' lang='lat' dir='ltr'><strong>et</strong></span> <span class='ocrx_word' id='word_1_272' title='bbox 663 3399 845 3480; x_wconf 79' lang='lat' dir='ltr'><strong>praetorios</strong></span> <span class='ocrx_word' id='word_1_273' title='bbox 871 3399 974 3463; x_wconf 88' lang='lat' dir='ltr'><strong>hono·</strong></span> <span class='ocrx_word' id='word_1_274' title='bbox 1031 3399 1265 3484; x_wconf 86' lang='lat' dir='ltr'><strong>Cappadociam</strong></span> <span class='ocrx_word' id='word_1_275' title='bbox 1296 3413 1330 3463; x_wconf 90' lang='lat' dir='ltr'><strong>et</strong></span> <span class='ocrx_word' id='word_1_276' title='bbox 1357 3400 1614 3485; x_wconf 82' lang='lat' dir='ltr'><strong>Commagenen</strong></span> <span class='ocrx_word' id='word_1_277' title='bbox 1641 3401 1676 3465; x_wconf 88' lang='lat' dir='ltr'><strong>iu</strong></span> <span class='ocrx_word' id='word_1_278' title='bbox 1701 3418 1761 3487; x_wconf 76' lang='lat' dir='ltr'><strong>pre</strong></span> 
     </span>
     <span class='ocr_line' id='line_1_28' title="bbox 227 3480 1768 3587; baseline 0.002 -25"><span class='ocrx_word' id='word_1_279' title='bbox 227 3520 283 3562; x_wconf 83' lang='lat' dir='ltr'><strong>rea</strong></span> <span class='ocrx_word' id='word_1_280' title='bbox 306 3498 426 3561; x_wconf 87' lang='lat' dir='ltr'><strong>meruit</strong></span> <span class='ocrx_word' id='word_1_281' title='bbox 449 3497 625 3578; x_wconf 71' lang='lat' dir='ltr'><strong>v.C.7t13</strong></span> <span class='ocrx_word' id='word_1_282' title='bbox 647 3497 683 3583; x_wconf 70' lang='grc' dir='ltr'><strong>ἱ).</strong></span> <span class='ocrx_word' id='word_1_283' title='bbox 715 3501 811 3564; x_wconf 88' lang='lat' dir='ltr'><strong>Auno</strong></span> <span class='ocrx_word' id='word_1_284' title='bbox 836 3524 974 3586; x_wconf 87' lang='lat' dir='ltr'><strong>acquan-</strong></span> <span class='ocrx_word' id='word_1_285' title='bbox 1031 3500 1170 3564; x_wconf 78' lang='lat' dir='ltr'><strong>vinciam</strong></span> <span class='ocrx_word' id='word_1_286' title='bbox 1191 3500 1331 3586; x_wconf 87' lang='lat' dir='ltr'><strong>redigit,</strong></span> <span class='ocrx_word' id='word_1_287' title='bbox 1353 3500 1394 3569; x_wconf 84' lang='lat' dir='ltr'><strong>V.</strong></span> <span class='ocrx_word' id='word_1_288' title='bbox 1413 3502 1530 3583; x_wconf 66' lang='lat'><strong>077²</strong></span> <span class='ocrx_word' id='word_1_289' title='bbox 1553 3502 1719 3587; x_wconf 78' lang='lat' dir='ltr'><strong>prolectet</strong></span> <span class='ocrx_word' id='word_1_290' title='bbox 1733 3480 1768 3565; x_wconf 79' lang='lat' dir='ltr'><strong>itt¹</strong></span> 
     </span>
     <span class='ocr_line' id='line_1_29' title="bbox 221 3603 1762 3693; baseline 0.003 -28"><span class='ocrx_word' id='word_1_291' title='bbox 221 3618 259 3666; x_wconf 89' lang='lat' dir='ltr'><strong>te</strong></span> <span class='ocrx_word' id='word_1_292' title='bbox 290 3625 352 3665; x_wconf 86' lang='lat' dir='ltr'><strong>una</strong></span> <span class='ocrx_word' id='word_1_293' title='bbox 382 3624 455 3666; x_wconf 88' lang='lat' dir='ltr'><strong>curn</strong></span> <span class='ocrx_word' id='word_1_294' title='bbox 486 3603 623 3666; x_wconf 86' lang='lat' dir='ltr'><strong>Tiberio</strong></span> <span class='ocrx_word' id='word_1_295' title='bbox 654 3604 881 3685; x_wconf 76' lang='lat' dir='ltr'><strong>proconsulari</strong></span> <span class='ocrx_word' id='word_1_296' title='bbox 914 3605 973 3667; x_wconf 88' lang='lat' dir='ltr'><strong>im·</strong></span> <span class='ocrx_word' id='word_1_297' title='bbox 1029 3604 1215 3688; x_wconf 84' lang='lat' dir='ltr'><strong>Aegyptum</strong></span> <span class='ocrx_word' id='word_1_298' title='bbox 1272 3603 1523 3685; x_wconf 78' lang='lat' dir='ltr'><strong>cognomendae</strong></span> <span class='ocrx_word' id='word_1_299' title='bbox 1579 3603 1762 3693; x_wconf 81' lang='lat' dir='ltr'><strong>antiquitatit</strong></span> 
     </span>
     <span class='ocr_line' id='line_1_30' title="bbox 226 3702 1764 3791; baseline 0.001 -24"><span class='ocrx_word' id='word_1_300' title='bbox 226 3705 322 3789; x_wconf 89' lang='lat' dir='ltr'><strong>perio</strong></span> <span class='ocrx_word' id='word_1_301' title='bbox 346 3704 379 3765; x_wconf 91' lang='lat' dir='ltr'><strong>in</strong></span> <span class='ocrx_word' id='word_1_302' title='bbox 404 3705 611 3768; x_wconf 87' lang='lat' dir='ltr'><strong>Germaniam</strong></span> <span class='ocrx_word' id='word_1_303' title='bbox 635 3704 675 3768; x_wconf 88' lang='lat' dir='ltr'><strong>ad</strong></span> <span class='ocrx_word' id='word_1_304' title='bbox 699 3705 890 3789; x_wconf 83' lang='lat' dir='ltr'><strong>expiandam</strong></span> <span class='ocrx_word' id='word_1_305' title='bbox 908 3709 971 3775; x_wconf 88' lang='lat' dir='ltr'><strong>Ve-</strong></span> <span class='ocrx_word' id='word_1_306' title='bbox 1029 3723 1141 3782; x_wconf 70' lang='lat' dir='ltr'><strong>muse,</strong></span> <span class='ocrx_word' id='word_1_307' title='bbox 1169 3726 1211 3768; x_wconf 83' lang='lat' dir='ltr'><strong>ex</strong></span> <span class='ocrx_word' id='word_1_308' title='bbox 1239 3702 1303 3769; x_wconf 86' lang='lat' dir='ltr'><strong>ltac&#39;</strong></span> <span class='ocrx_word' id='word_1_309' title='bbox 1329 3707 1363 3767; x_wconf 89' lang='lat' dir='ltr'><strong>in</strong></span> <span class='ocrx_word' id='word_1_310' title='bbox 1392 3707 1539 3789; x_wconf 79' lang='lat' dir='ltr'><strong>Syriam,</strong></span> <span class='ocrx_word' id='word_1_311' title='bbox 1566 3707 1696 3772; x_wconf 82' lang='lat' dir='ltr'><strong>Pieoeie</strong></span> <span class='ocrx_word' id='word_1_312' title='bbox 1713 3704 1764 3791; x_wconf 66' lang='lat' dir='ltr'><strong>ey-</strong></span> 
     </span>
     <span class='ocr_line' id='line_1_31' title="bbox 228 3803 1761 3893; baseline -0.001 -22"><span class='ocrx_word' id='word_1_313' title='bbox 228 3809 259 3871; x_wconf 88' lang='lat' dir='ltr'><strong>ri</strong></span> <span class='ocrx_word' id='word_1_314' title='bbox 276 3806 412 3870; x_wconf 89' lang='lat' dir='ltr'><strong>caedem</strong></span> <span class='ocrx_word' id='word_1_315' title='bbox 432 3807 680 3890; x_wconf 84' lang='lat' dir='ltr'><strong>impreeaionem</strong></span> <span class='ocrx_word' id='word_1_316' title='bbox 702 3806 780 3869; x_wconf 80' lang='lat' dir='ltr'><strong>iacit</strong></span> <span class='ocrx_word' id='word_1_317' title='bbox 799 3803 843 3886; x_wconf 61' lang='lat' dir='ltr'><strong>k),</strong></span> <span class='ocrx_word' id='word_1_318' title='bbox 874 3808 915 3875; x_wconf 88' lang='lat' dir='ltr'><strong>V.</strong></span> <span class='ocrx_word' id='word_1_319' title='bbox 933 3810 969 3875; x_wconf 86' lang='lat' dir='ltr'><strong>C.</strong></span> <span class='ocrx_word' id='word_1_320' title='bbox 1028 3804 1096 3867; x_wconf 83' lang='lat' dir='ltr'><strong>niae</strong></span> <span class='ocrx_word' id='word_1_321' title='bbox 1116 3806 1291 3890; x_wconf 75' lang='lat' dir='ltr'><strong>praefecti,</strong></span> <span class='ocrx_word' id='word_1_322' title='bbox 1317 3806 1452 3893; x_wconf 82' lang='lat' dir='ltr'><strong>ejuaque</strong></span> <span class='ocrx_word' id='word_1_323' title='bbox 1470 3808 1583 3873; x_wconf 80' lang='lat' dir='ltr'><strong>uxoria</strong></span> <span class='ocrx_word' id='word_1_324' title='bbox 1598 3808 1761 3875; x_wconf 81' lang='lat' dir='ltr'><strong>Plancinae</strong></span> 
     </span>
     <span class='ocr_line' id='line_1_32' title="bbox 229 3906 1763 3997; baseline 0.002 -24"><span class='ocrx_word' id='word_1_325' title='bbox 229 3914 292 3995; x_wconf 72' lang='lat'><strong>705</strong></span> <span class='ocrx_word' id='word_1_326' title='bbox 308 3909 438 3987; x_wconf 85' lang='lat' dir='ltr'><strong>consul,</strong></span> <span class='ocrx_word' id='word_1_327' title='bbox 464 3909 527 3990; x_wconf 75' lang='grc'><strong>767</strong></span> <span class='ocrx_word' id='word_1_328' title='bbox 546 3908 605 3971; x_wconf 85' lang='lat' dir='ltr'><strong>aab</strong></span> <span class='ocrx_word' id='word_1_329' title='bbox 625 3907 763 3992; x_wconf 74' lang='lat' dir='ltr'><strong>Augusti</strong></span> <span class='ocrx_word' id='word_1_330' title='bbox 784 3908 907 3971; x_wconf 84' lang='lat' dir='ltr'><strong>exitum</strong></span> <span class='ocrx_word' id='word_1_331' title='bbox 924 3909 972 3971; x_wconf 89' lang='lat' dir='ltr'><strong>le·</strong></span> <span class='ocrx_word' id='word_1_332' title='bbox 1027 3906 1178 3988; x_wconf 83' lang='lat' dir='ltr'><strong>injuriae,</strong></span> <span class='ocrx_word' id='word_1_333' title='bbox 1206 3909 1438 3987; x_wconf 82' lang='lat' dir='ltr'><strong>contumeliae,</strong></span> <span class='ocrx_word' id='word_1_334' title='bbox 1466 3912 1570 3975; x_wconf 81' lang='lat' dir='ltr'><strong>malae</strong></span> <span class='ocrx_word' id='word_1_335' title='bbox 1590 3924 1680 3975; x_wconf 83' lang='lat' dir='ltr'><strong>artae</strong></span> <span class='ocrx_word' id='word_1_336' title='bbox 1698 3928 1763 3997; x_wconf 71' lang='lat' dir='ltr'><strong>pte</strong></span> 
     </span>
     <span class='ocr_line' id='line_1_33' title="bbox 230 4007 1765 4098; baseline 0.003 -24"><span class='ocrx_word' id='word_1_337' title='bbox 230 4012 381 4098; x_wconf 84' lang='lat' dir='ltr'><strong>gionibne</strong></span> <span class='ocrx_word' id='word_1_338' title='bbox 397 4009 481 4094; x_wconf 90' lang='lat' dir='ltr'><strong>apud</strong></span> <span class='ocrx_word' id='word_1_339' title='bbox 497 4007 649 4073; x_wconf 83' lang='lat' dir='ltr'><strong>Rhenum</strong></span> <span class='ocrx_word' id='word_1_340' title='bbox 667 4011 837 4094; x_wconf 74' lang='lat' dir='ltr'><strong>impositae</strong></span> <span class='ocrx_word' id='word_1_341' title='bbox 854 4012 973 4075; x_wconf 86' lang='lat' dir='ltr'><strong>utrina·</strong></span> <span class='ocrx_word' id='word_1_342' title='bbox 1028 4030 1160 4095; x_wconf 73' lang='lat' dir='ltr'><strong>perena,</strong></span> <span class='ocrx_word' id='word_1_343' title='bbox 1192 4030 1299 4095; x_wconf 70' lang='lat' dir='ltr'><strong>neqm</strong></span> <span class='ocrx_word' id='word_1_344' title='bbox 1327 4031 1521 4096; x_wconf 84' lang='lat' dir='ltr'><strong>quacunque</strong></span> <span class='ocrx_word' id='word_1_345' title='bbox 1547 4012 1765 4085; x_wconf 72' lang='lat' dir='ltr'><strong>moderatiene</strong></span> 
     </span>
     <span class='ocr_line' id='line_1_34' title="bbox 230 4111 1770 4200; baseline 0.001 -23"><span class='ocrx_word' id='word_1_346' title='bbox 230 4135 293 4200; x_wconf 86' lang='lat' dir='ltr'><strong>qne</strong></span> <span class='ocrx_word' id='word_1_347' title='bbox 344 4114 507 4178; x_wconf 77' lang='lat' dir='ltr'><strong>exercitus</strong></span> <span class='ocrx_word' id='word_1_348' title='bbox 556 4112 750 4176; x_wconf 76' lang='lat' dir='ltr'><strong>seditionem</strong></span> <span class='ocrx_word' id='word_1_349' title='bbox 801 4114 972 4177; x_wconf 83' lang='lat' dir='ltr'><strong>Tiberium</strong></span> <span class='ocrx_word' id='word_1_350' title='bbox 1030 4111 1198 4177; x_wconf 84' lang='lat' dir='ltr'><strong>declinare</strong></span> <span class='ocrx_word' id='word_1_351' title='bbox 1236 4112 1348 4178; x_wconf 79' lang='lat' dir='ltr'><strong>velena</strong></span> <span class='ocrx_word' id='word_1_352' title='bbox 1382 4112 1417 4175; x_wconf 93' lang='lat' dir='ltr'><strong>in</strong></span> <span class='ocrx_word' id='word_1_353' title='bbox 1456 4114 1611 4178; x_wconf 87' lang='lat' dir='ltr'><strong>morbum</strong></span> <span class='ocrx_word' id='word_1_354' title='bbox 1647 4114 1770 4191; x_wconf 82' lang='lat' dir='ltr'><strong>incidit,</strong></span> 
     </span>
     <span class='ocr_line' id='line_1_35' title="bbox 230 4212 1769 4301; baseline -0.002 -17"><span class='ocrx_word' id='word_1_355' title='bbox 230 4219 427 4295; x_wconf 69' lang='lat' dir='ltr'><strong>evacuantis,</strong></span> <span class='ocrx_word' id='word_1_356' title='bbox 448 4230 544 4301; x_wconf 87' lang='lat' dir='ltr'><strong>atque</strong></span> <span class='ocrx_word' id='word_1_357' title='bbox 564 4214 739 4299; x_wconf 78' lang='lat' dir='ltr'><strong>ipsummet</strong></span> <span class='ocrx_word' id='word_1_358' title='bbox 759 4214 898 4298; x_wconf 87' lang='lat' dir='ltr'><strong>imperio</strong></span> <span class='ocrx_word' id='word_1_359' title='bbox 919 4215 974 4279; x_wconf 89' lang='lat' dir='ltr'><strong>ad·</strong></span> <span class='ocrx_word' id='word_1_360' title='bbox 1030 4215 1122 4298; x_wconf 86' lang='lat' dir='ltr'><strong>cnjua</strong></span> <span class='ocrx_word' id='word_1_361' title='bbox 1151 4213 1219 4279; x_wconf 76' lang='lat' dir='ltr'><strong>nim</strong></span> <span class='ocrx_word' id='word_1_362' title='bbox 1246 4212 1384 4301; x_wconf 83' lang='lat' dir='ltr'><strong>augebat</strong></span> <span class='ocrx_word' id='word_1_363' title='bbox 1410 4216 1584 4297; x_wconf 81' lang='lat' dir='ltr'><strong>pertuaaio</strong></span> <span class='ocrx_word' id='word_1_364' title='bbox 1613 4216 1769 4287; x_wconf 68' lang='lat' dir='ltr'><strong>venemo</strong></span> 
     </span>
    </p>
   </div>
   <div class='ocr_carea' id='block_1_5' title="bbox 233 4398 1768 4765">
    <p class='ocr_par' dir='ltr' id='par_1_8' title="bbox 233 4398 1768 4765">
     <span class='ocr_line' id='line_1_36' title="bbox 269 4398 1767 4481; baseline -0.002 -17"><span class='ocrx_word' id='word_1_365' title='bbox 269 4412 300 4481; x_wconf 81' lang='lat' dir='ltr'><strong>e)</strong></span> <span class='ocrx_word' id='word_1_366' title='bbox 320 4406 400 4463; x_wconf 86' lang='lat' dir='ltr'><strong>Suet.</strong></span> <span class='ocrx_word' id='word_1_367' title='bbox 414 4404 444 4461; x_wconf 88' lang='lat' dir='ltr'><strong>in</strong></span> <span class='ocrx_word' id='word_1_368' title='bbox 458 4404 525 4462; x_wconf 87' lang='lat' dir='ltr'><strong>Tib.</strong></span> <span class='ocrx_word' id='word_1_369' title='bbox 541 4424 606 4479; x_wconf 87' lang='lat' dir='ltr'><strong>cap.</strong></span> <span class='ocrx_word' id='word_1_370' title='bbox 621 4398 674 4460; x_wconf 86' lang='lat' dir='ltr'><strong>ult.</strong></span> <span class='ocrx_word' id='word_1_371' title='bbox 747 4400 783 4476; x_wconf 85' lang='lat' dir='ltr'><strong>b)</strong></span> <span class='ocrx_word' id='word_1_372' title='bbox 803 4402 859 4458; x_wconf 88' lang='lat' dir='ltr'><strong>Dio</strong></span> <span class='ocrx_word' id='word_1_373' title='bbox 874 4400 907 4459; x_wconf 84' lang='lat' dir='ltr'><strong>L.</strong></span> <span class='ocrx_word' id='word_1_374' title='bbox 917 4401 990 4459; x_wconf 85' lang='lat' dir='ltr'><strong>LIX.</strong></span> <span class='ocrx_word' id='word_1_375' title='bbox 1007 4405 1032 4473; x_wconf 85' lang='lat'><strong>§.</strong></span> <span class='ocrx_word' id='word_1_376' title='bbox 1045 4416 1070 4461; x_wconf 89' lang='lat' dir='ltr'><strong>t.</strong></span> <span class='ocrx_word' id='word_1_377' title='bbox 1094 4402 1179 4462; x_wconf 82' lang='lat' dir='ltr'><strong>Philo</strong></span> <span class='ocrx_word' id='word_1_378' title='bbox 1196 4401 1234 4459; x_wconf 87' lang='lat' dir='ltr'><strong>de</strong></span> <span class='ocrx_word' id='word_1_379' title='bbox 1250 4402 1337 4481; x_wconf 86' lang='lat' dir='ltr'><strong>legat.</strong></span> <span class='ocrx_word' id='word_1_380' title='bbox 1352 4402 1393 4459; x_wconf 88' lang='lat' dir='ltr'><strong>ad</strong></span> <span class='ocrx_word' id='word_1_381' title='bbox 1406 4402 1523 4480; x_wconf 84' lang='lat' dir='ltr'><strong>Cejttm.</strong></span> <span class='ocrx_word' id='word_1_382' title='bbox 1599 4407 1632 4479; x_wconf 87' lang='lat' dir='ltr'><strong>e)</strong></span> <span class='ocrx_word' id='word_1_383' title='bbox 1651 4400 1767 4481; x_wconf 61' lang='lat' dir='ltr'><strong>Suebi!</strong></span> 
     </span>
     <span class='ocr_line' id='line_1_37' title="bbox 234 4486 1768 4576; baseline 0.001 -25"><span class='ocrx_word' id='word_1_384' title='bbox 234 4498 329 4576; x_wconf 82' lang='lat' dir='ltr'><strong>calig.</strong></span> <span class='ocrx_word' id='word_1_385' title='bbox 346 4518 370 4553; x_wconf 83' lang='lat' dir='ltr'><strong>e.</strong></span> <span class='ocrx_word' id='word_1_386' title='bbox 384 4508 426 4559; x_wconf 82' lang='lat'><strong>15.</strong></span> <span class='ocrx_word' id='word_1_387' title='bbox 446 4494 502 4551; x_wconf 91' lang='lat' dir='ltr'><strong>Dio</strong></span> <span class='ocrx_word' id='word_1_388' title='bbox 519 4494 552 4552; x_wconf 89' lang='lat' dir='ltr'><strong>L.</strong></span> <span class='ocrx_word' id='word_1_389' title='bbox 565 4492 638 4550; x_wconf 82' lang='lat' dir='ltr'><strong>LIX.</strong></span> <span class='ocrx_word' id='word_1_390' title='bbox 652 4496 678 4563; x_wconf 81' lang='lat'><strong>§.</strong></span> <span class='ocrx_word' id='word_1_391' title='bbox 689 4502 715 4556; x_wconf 75' lang='lat' dir='ltr'><strong>a.</strong></span> <span class='ocrx_word' id='word_1_392' title='bbox 824 4490 860 4565; x_wconf 89' lang='lat' dir='ltr'><strong>d)</strong></span> <span class='ocrx_word' id='word_1_393' title='bbox 880 4492 1007 4548; x_wconf 73' lang='lat' dir='ltr'><strong>Saenia</strong></span> <span class='ocrx_word' id='word_1_394' title='bbox 1023 4490 1087 4550; x_wconf 87' lang='lat' dir='ltr'><strong>Cal.</strong></span> <span class='ocrx_word' id='word_1_395' title='bbox 1104 4492 1330 4557; x_wconf 73' lang='lat' dir='ltr'><strong>c.23.Diol.c.</strong></span> <span class='ocrx_word' id='word_1_396' title='bbox 1438 4496 1473 4566; x_wconf 81' lang='lat' dir='ltr'><strong>e)</strong></span> <span class='ocrx_word' id='word_1_397' title='bbox 1491 4494 1596 4571; x_wconf 85' lang='lat' dir='ltr'><strong>Legat.</strong></span> <span class='ocrx_word' id='word_1_398' title='bbox 1616 4486 1768 4573; x_wconf 77' lang='lat' dir='ltr'><strong>adCajute</strong></span> 
     </span>
     <span class='ocr_line' id='line_1_38' title="bbox 233 4579 1768 4662; baseline 0.001 -20"><span class='ocrx_word' id='word_1_399' title='bbox 233 4588 329 4662; x_wconf 47' lang='lat' dir='ltr'><strong>peip</strong></span> <span class='ocrx_word' id='word_1_400' title='bbox 343 4604 405 4662; x_wconf 87' lang='lat' dir='ltr'><strong>seq.</strong></span> <span class='ocrx_word' id='word_1_401' title='bbox 479 4579 967 4660; x_wconf 75' lang='lat' dir='ltr'><strong>OFogginiFastiVerriip.t52·</strong></span> <span class='ocrx_word' id='word_1_402' title='bbox 1041 4583 1074 4656; x_wconf 81' lang='lat' dir='ltr'><strong>g)</strong></span> <span class='ocrx_word' id='word_1_403' title='bbox 1093 4581 1297 4642; x_wconf 66' lang='lat' dir='ltr'><strong>Succincti.</strong></span> <span class='ocrx_word' id='word_1_404' title='bbox 1314 4594 1374 4644; x_wconf 75' lang='lat' dir='ltr'><strong>et.</strong></span> <span class='ocrx_word' id='word_1_405' title='bbox 1446 4582 1561 4659; x_wconf 78' lang='lat' dir='ltr'><strong>hJDie</strong></span> <span class='ocrx_word' id='word_1_406' title='bbox 1574 4584 1768 4659; x_wconf 42' lang='lat' dir='ltr'><strong>MVAAA</strong></span> 
     </span>
     <span class='ocr_line' id='line_1_39' title="bbox 235 4669 1299 4765; baseline -0.002 -33"><span class='ocrx_word' id='word_1_407' title='bbox 235 4677 261 4749; x_wconf 80' lang='lat' dir='ltr'><strong>i)</strong></span> <span class='ocrx_word' id='word_1_408' title='bbox 281 4676 336 4732; x_wconf 83' lang='lat' dir='ltr'><strong>Dio</strong></span> <span class='ocrx_word' id='word_1_409' title='bbox 351 4676 383 4731; x_wconf 88' lang='lat' dir='ltr'><strong>L.</strong></span> <span class='ocrx_word' id='word_1_410' title='bbox 394 4673 468 4735; x_wconf 86' lang='lat' dir='ltr'><strong>LVI.</strong></span> <span class='ocrx_word' id='word_1_411' title='bbox 486 4678 512 4745; x_wconf 86' lang='lat'><strong>§.</strong></span> <span class='ocrx_word' id='word_1_412' title='bbox 524 4686 566 4736; x_wconf 77' lang='lat' dir='ltr'><strong>tt.</strong></span> <span class='ocrx_word' id='word_1_413' title='bbox 637 4671 675 4765; x_wconf 54' lang='lat' dir='ltr'><strong>lp</strong></span> <span class='ocrx_word' id='word_1_414' title='bbox 691 4672 747 4730; x_wconf 87' lang='lat' dir='ltr'><strong>Dio</strong></span> <span class='ocrx_word' id='word_1_415' title='bbox 762 4669 781 4728; x_wconf 92' lang='lat' dir='ltr'><strong>l.</strong></span> <span class='ocrx_word' id='word_1_416' title='bbox 792 4690 817 4732; x_wconf 87' lang='lat' dir='ltr'><strong>c.</strong></span> <span class='ocrx_word' id='word_1_417' title='bbox 834 4674 914 4743; x_wconf 61' lang='lat' dir='ltr'><strong>§.te</strong></span> <span class='ocrx_word' id='word_1_418' title='bbox 986 4670 1013 4746; x_wconf 84' lang='lat' dir='ltr'><strong>l)</strong></span> <span class='ocrx_word' id='word_1_419' title='bbox 1032 4672 1299 4739; x_wconf 70' lang='lat' dir='ltr'><strong>maurellae.</strong></span> 
     </span>
    </p>
   </div>
   <div class='ocr_carea' id='block_1_6' title="bbox 0 0 2019 5370">
    <p class='ocr_par' dir='ltr' id='par_1_9' title="bbox 0 0 2019 5370">
     <span class='ocr_line' id='line_1_40' title="bbox 0 0 2019 5370; baseline 0 0"><span class='ocrx_word' id='word_1_420' title='bbox 0 0 2019 5370; x_wconf 95' lang='lat' dir='ltr'><strong> </strong></span> 
     </span>
    </p>
   </div>
  </div>
 </body>
</html>
