3998 5340
797 419 847 494 n.
881 365 1229 493 aaromva.
1720 391 1795 534 aa

225 587 259 648 in
289 585 393 672 Soggi
415 588 453 652 dt
479 587 624 652 Cortona
652 589 759 651 Temo
782 588 822 653 Π.
849 609 882 672 p.
902 591 973 670 151,
1030 586 1184 655 contiuuo
1209 588 1243 649 in
1268 590 1378 654 locum
1404 601 1497 658 tuum
1522 594 1601 659 lecit
1623 596 1663 660 1.
1684 599 1775 662 Sana}
1864 640 1869 662 ι

225 689 344 771 passim
364 690 455 774 legas
473 689 624 767 lllDVS,
645 690 809 757 VALIIR.
828 701 891 752 etc.
910 709 972 772 pro
1012 689 1183 772 ⁴propium
1203 690 1411 758 Atratinum..
1428 697 1523 759 luitio
1545 698 1634 763 veria
1656 701 1689 760 in
1714 706 1774 762 Ap.

226 791 375 868 EIDVS,
406 794 587 868 vatum,
619 804 653 853 et
681 804 791 853 tamen
821 802 911 853 certa
938 790 973 851 in
1030 789 1229 873 maniaipse
1251 813 1408 873 praesens
1425 795 1638 862 Artavasdem
1661 819 1775 884 regern

224 892 276 955 his
304 893 420 955 adsunt
448 892 584 968 indicia,
616 910 670 953 eas
698 893 723 957 1.
745 891 892 954 Caesaris
915 891 973 953 im·
1030 889 1108 953 dolo
1130 905 1258 974 captum
1283 914 1357 957 enm
1384 897 1524 982 conjuge
1549 912 1582 961 et
1602 898 1715 963 liberis
1741 905 1774 965 iu

225 995 355 1077 perium
384 1006 609 1079 praevertere.
648 993 701 1054 Ex
729 1012 795 1077 quo
821 1006 971 1077 apparet,
1030 990 1229 1075 triumphum
1246 995 1479 1061 Alexandriam
1500 998 1605 1078 ducit,
1627 1014 1660 1063 et
1679 1001 1775 1065 Cleo·

225 1096 313 1159 hunc
343 1096 525 1178 scripturae
553 1092 705 1170 modum,
735 1093 798 1156 etsi
828 1115 845 1156 a
873 1093 970 1157 claris
1026 1106 1138 1176 patrae
1167 1094 1302 1179 ejusque
1328 1117 1402 1164 cum
1429 1120 1471 1164 cx
1497 1101 1668 1184 superiore
1697 1103 1777 1167 Cae-¹

211 1196 445 1260 monumentis
463 1207 644 1271 extorrem,
666 1193 767 1257 fuisse
784 1207 893 1259 tamen
911 1194 971 1257 llo·
1027 1200 1117 1271 sare',
1139 1191 1209 1256 tum
1228 1217 1263 1259 se
1287 1197 1400 1261 liberis
1420 1201 1658 1284 pulcherrimas
1676 1205 1772 1268 Asiae

225 1313 323 1362 rente
345 1298 449 1361 adhuc
471 1317 541 1380 rep.
564 1296 794 1373 vernaculum,
824 1310 858 1359 at
879 1319 971 1358 usur·
1029 1295 1227 1381 Africaeque
1244 1300 1430 1382 provincias
1451 1302 1581 1368 addicit.

226 1413 336 1484 patum
355 1423 373 1462 a
392 1396 644 1461 monetariorum
664 1417 768 1481 grege
786 1391 819 1458 iu
840 1398 971 1480 provin·

226 1503 286 1566 ciis
303 1501 455 1565 Romanis
467 1498 512 1564 ad
527 1513 677 1564 monetae
693 1499 863 1583 negotium
880 1498 969 1563 adhi·
1117 1569 1121 1574 ,
1326 1483 1471 1549 Numi:

226 1603 305 1667 bito.
1187 1598 1354 1667 ANTON.
1373 1602 1474 1672 AVG.
1495 1608 1583 1670 ΙΜΡ.
1600 1609 1659 1668 111..
1671 1609 1770 1674 COS.
1824 1646 1829 1651 ›

222 1871 372 1941 ἨΠΒ
398 1872 438 1936 ¹³·
460 1872 496 1935 P·
518 1873 554 1936 ⁰·
580 1868 675 1934 00⁸·
700 1866 806 1932 ⁹¹³⁸·
827 1867 875 1932 Η·
897 1865 969 1930 ΕΤ·
1027 1901 1283 1970 msmauvs.
1300 1902 1772 1998 avG.Q.1³R0.cosstae

393 2025 404 2035 “
457 1973 524 2037 m·
546 1973 645 2034 IMP‘
666 1968 732 2032 m·
794 2065 800 2072 .
911 2011 919 2026 ’
1001 2016 1117 2087 ‚type
1139 2006 1450 2089 saturiacum.)

285 2110 363 2171 Sex.
373 2108 569 2192 Pompeium
586 2127 670 2170 anno
688 2104 909 2190 praecedente
927 2104 968 2168 ab
1188 2107 1314 2169 Eodem
1331 2111 1481 2187 aduersu.
1664 2151 1669 2155 -
1888 2176 1893 2190 .

220 2210 400 2276 Octaviano
423 2210 561 2288 rictum,
587 2222 621 2271 et
637 2229 700 2292 per
717 2207 828 2270 Asiam
848 2229 966 2292 vagum
1024 2207 1263 2273 ANTONIVS.
1284 2208 1388 2281 AVG,
1407 2211 1495 2271 llth.
1514 2213 1569 2277 Ill.
1588 2215 1661 2276 tine
1680 2227 1769 2299 typo.

219 2311 343 2375 Midaei
358 2314 392 2373 in
405 2311 548 2394 Phrygia
562 2309 670 2373 occidi
682 2308 784 2393 jubet.
806 2309 892 2394 Regi
907 2310 968 2371 Ar-
1016 2301 1094 2371 'Ata
1114 2312 1214 2392 (Mus.
1228 2311 1339 2388 Caes.)
1448 2390 1452 2397 ἶ

219 2413 349 2478 maniae
370 2412 496 2476 bellum
518 2412 661 2476 tacturus
682 2412 833 2495 Aegypto
856 2432 968 2495 egres·
1089 2413 1238 2474 Similem
1263 2410 1365 2473 Silani
1397 2412 1584 2493 denarium,
1613 2414 1678 2478 alio
1704 2430 1772 2480 tan·

220 2537 285 2592 sus,
309 2528 423 2581 verum
440 2513 561 2589 audito,
581 2513 748 2577 Octaviam
767 2513 859 2579 adse
878 2516 967 2576 scni-
1024 2525 1093 2576 tum
1110 2514 1244 2576 Antonii
1262 2513 1449 2593 consulatu,
1472 2514 1512 2578 ad
1535 2538 1652 2579 annum
1676 2539 1769 2600 prae·

220 2638 274 2695 re,
297 2618 490 2701 Cleopatrae
520 2616 674 2699 precibus
701 2635 874 2698 persuasus
895 2614 967 2675 mit·
1024 2614 1200 2679 cedentem
1216 2615 1368 2682 vidimus.
1474 2642 1479 2660 ·
1710 2631 1716 2641 “

220 2719 259 2780 tit
281 2719 445 2793 Athenas,
478 2716 534 2798 qui
557 2736 628 2778 eam
648 2719 787 2777 Romam
810 2729 965 2797 repetere
1284 2763 1305 2798 4
1386 2717 1406 2753 ³
1447 2752 1448 2755 =
1489 2762 1509 2797 „

220 2819 390 2899 juberent,
412 2819 483 2901 ipse
508 2838 586 2879 mox
606 2817 640 2877 in
659 2819 846 2900 Aegyptum
865 2816 964 2878 rebus
1186 2817 1367 2881 ANTONl.
1400 2818 1612 2881 AlllllENlA.
1646 2818 1770 2886 DEVI-

220 2921 351 2984 infectis
370 2919 403 2979 iu
423 2920 618 3002 Cleopatrae
636 2917 804 3001 amplexus
824 2914 921 2982 redit.
1188 2916 1285 2981 CTA.
1322 2919 1428 2998 Caput
1455 2920 1604 2980 Antonii
1631 2922 1769 2997 nudum,

644 3107 651 3121 .
931 3081 962 3122 ς
1185 3037 1272 3098 pone
1292 3022 1382 3081 tiara
1399 3021 1616 3082 Armeniaca.

522 3101 667 3167 Num..-
1024 3116 1568 3186 CLEOPATRAE.REG1NAE.
1597 3120 1767 3207 neuim,

382 3222 621 3290 iuremus,
664 3221 827 3289 avevtt.
870 3222 965 3288 cos.
1022 3218 1253 3288 F1L10nvn.
1267 3222 1435 3290 nsevnt.
1455 3224 1562 3306 caput
1576 3212 1771 3307 cleopatrae

382 3327 481 3392 DES.
503 3327 619 3389 ITER.
637 3327 709 3392 ET.
730 3326 830 3388 TER.
858 3325 966 3409 Caput
1023 3323 1356 3405 ultramarinum
1373 3344 1553 3405 quoprora
1570 3329 1676 3390 novis.
1696 3327 1766 3391 All.

381 3430 531 3491 Antonii
543 3429 681 3489 ,nudum
965 3493 966 3497 η
1022 3424 1124 3505 (Mus.
1142 3424 1252 3506 Caes.)

216 3533 260 3594 tt.
278 3529 474 3598 stLaNVs.
489 3529 592 3595 AVG.
609 3527 765 3622 ΜΗΘ.
780 3527 876 3593 COS.
892 3532 965 3592 sinc
1086 3529 1232 3609 Vtraque
1260 3524 1350 3586 numi
1375 3525 1469 3607 hujus
1499 3525 1689 3608 superficies
1713 3549 1768 3593 res

212 3647 309 3720 typo.
332 3632 403 3696 AR.
422 3631 597 3714 (Metelli.)
1021 3627 1085 3691 hoc
1105 3647 1189 3690 anno
1207 3638 1314 3709 gestas
1333 3642 1581 3703 commemorat,
1606 3643 1639 3690 et
1657 3652 1674 3691 a
1690 3632 1768 3694 scri·

278 3733 460 3797 Denarium
479 3732 566 3796 hunc
591 3752 676 3795 auno
695 3730 862 3814 praesenti
881 3729 963 3793 adli·
1020 3729 1169 3814 ptoribus
1207 3727 1340 3789 traditas
1378 3726 1555 3794 corfirmat.
1597 3729 1677 3792 Pars
1714 3732 1768 3794 ad-

216 3836 371 3921 go,.quia
388 3848 492 3899 exstat
507 3834 688 3897 simillimus
703 3832 804 3910 alter,
827 3831 886 3895 sed
902 3853 963 3916 per
1019 3852 1115 3895 versa
1140 3832 1356 3907 Armenium,
1385 3843 1422 3892 ut
1442 3830 1476 3890 in
1497 3829 1665 3893 annalibus
1687 3830 1769 3894 dixi·

216 3939 351 4002 Antonii
381 3936 584 4012 consalatum
615 3940 654 3999 ll.
673 3935 760 4016 ‘anni
786 3934 963 4020 sequentis.
1019 3954 1109 4009 mus,
1138 3931 1236 3994 modo
1268 3934 1431 3997 deuictam
1461 3930 1644 4014 praedicat,
1673 3935 1766 4015 eujus

216 4042 268 4106 De
283 4043 330 4104 M.
345 4040 457 4105 Silano
473 4058 596 4123 augure
612 4037 687 4103 ride
706 4038 739 4099 in
756 4049 855 4121 gente
872 4036 963 4115 Iunia
1020 4056 1115 4099 causa
1152 4048 1186 4096 et
1226 4032 1322 4106 tiara,
1365 4034 1542 4096 Armeniae
1586 4035 1769 4117 symbolum

219 4144 415 4208 Silanorum.
951 4192 953 4196 Α
1020 4135 1210 4220 apponitur,
1262 4156 1357 4217 quam
1398 4138 1660 4218 Havereampus,
1712 4157 1769 4200 na-

1023 4240 1092 4302 scio
1123 4237 1201 4323 quid
1232 4259 1361 4320 passus,
1399 4239 1587 4322 pharetram
1616 4239 1770 4321 appellat.

402 4313 443 4377 V·
461 4310 498 4374 0·
516 4324 579 4390 7²⁰
598 4310 645 4370 A·
662 4307 709 4372 Χ·
729 4305 782 4383 3¹¹·
890 4331 896 4353 ”
994 4346 997 4347 ’
1023 4341 1169 4403 Alterius
1189 4339 1289 4423 partis
1308 4339 1412 4403 oratio
1437 4340 1535 4424 plena
1558 4339 1673 4418 fastus,
1696 4363 1771 4407 curn

221 4414 369 4479 HWIR·
392 4412 434 4477 R·
455 4414 493 4478 Ρ·
520 4413 555 4473 C·
582 4409 678 4474 003·
700 4409 750 4474 H·
773 4407 877 4472 DES·
901 4407 966 4472 m·
1024 4442 1231 4525 Cleopatram
1252 4441 1399 4523 appellat
1417 4445 1566 4523 reginum
1584 4463 1713 4525 regum,
1739 4442 1774 4508 et

500 4511 602 4574 ῙΜΡ·
621 4511 686 4574 m·
1012 4542 1168 4627 filiorum
1203 4563 1316 4624 regum
1355 4544 1482 4607 scilicet
1516 4557 1670 4624 matrem,
1710 4550 1773 4615 etsi

282 4654 405 4718 Consul
421 4656 459 4715 ll.
480 4647 630 4733 procedit
648 4622 884 4724 Alexandriae,
906 4644 966 4710 sed
1024 4662 1104 4709 rere
1126 4644 1167 4708 ad
1187 4644 1366 4709 historiam.
1394 4647 1528 4712 Diserte
1547 4649 1633 4712 enim
1650 4651 1715 4714 llio
1732 4652 1773 4714 ad
