4012 5370
844 450 1173 527 TRAIANVS.

225 647 328 705 nepus
342 626 431 687 illud
444 625 566 686 bellum
573 627 687 708 fuisse
702 624 835 705 duplex.
851 626 897 686 II.
911 628 946 688 V
942 650 973 687 e·

223 728 414 791 risimiliter
431 748 519 787 utino
541 729 581 789 V.
599 728 632 788 C.
648 724 712 805 867
733 719 763 780 T
759 728 910 806 tujanum
928 729 975 789 ed

450 829 538 891 illud
551 829 747 910 profectum.

292 1038 317 1095 1.
349 1031 507 1093 ermon
526 1030 681 1095 ustos..
707 1005 974 1132 impertitam.-

222 1138 257 1198 ni
282 1135 426 1218 scriptor
448 1133 678 1196 Tillemontins
703 1135 832 1219 prolixe
856 1134 974 1217 probs·

224 1259 262 1301 re
288 1237 443 1311 instituit,
474 1238 648 1318 'Prajannm
675 1238 738 1319 jam
763 1258 847 1299 anno
874 1238 914 1304 V.
936 1237 974 1303 C.

223 1343 284 1420 ttsq
306 1342 344 1403 P.
368 1342 411 1398 lb
433 1341 490 1400 rob
518 1338 675 1403 adversus
700 1339 838 1401 Parthos
864 1337 974 1421 prole·

218 1455 323 1505 ctum.
367 1441 589 1521 Argumenta,
628 1440 745 1522 quibus
779 1441 980 1503 sententiam⁴

222 1564 313 1605 suam
336 1542 422 1603 tueri
445 1541 577 1618 nititur,
609 1541 641 1600 in
670 1562 816 1625 pugnum
845 1555 973 1604 contra·

183 1650 186 1657 “
221 1657 272 1707 cta
302 1643 382 1704 haec
410 1642 482 1705 fere
513 1655 597 1705 sunt.
634 1642 901 1706 l.testimonium
923 1645 973 1706 lo·

221 1746 313 1809 annis
342 1745 501 1817 Malalae‚
532 1743 587 1826 qui
617 1744 790 1825 Traianum
814 1747 886 1812 Vll.
917 1744 971 1808 die

221 1848 361 1910 Ianuarii
394 1848 433 1912 V.
460 1848 495 1909 C.
528 1845 591 1907 eto
626 1848 664 1909 P.
697 1849 736 1907 x.
770 1868 828 1929 ¹⁰7
859 1848 973 1909 Antio·

222 1950 326 2013 chiam
357 1949 540 2032 ingressum
568 1948 698 2024 scribit,
743 1962 778 2010 et
813 1948 971 2033 deinceps

221 2053 255 2112 in
285 2052 403 2112 Persas
433 2050 627 2131 profectum.
672 2052 713 2114 ll.
742 2051 823 2113 Acta
854 2065 971 2134 marty-

220 2154 263 2214 rii
290 2154 324 2215 S.
348 2154 481 2234 Ignatii,
516 2154 547 2213 itt
576 2151 692 2234 quibus
720 2151 773 2214 hic
803 2152 921 2215 dicitnr
952 2175 970 2215 a

222 2256 364 2336 Traiano
389 2254 579 2316 Antiochiae
603 2267 776 2335 praesente
800 2255 969 2336 conjectus

219 2359 254 2417 in
291 2357 440 2430 vincula,
479 2369 512 2417 et
546 2354 587 2416 ad
626 2355 746 2417 bestias
783 2354 969 2433 damnatus,

216 2460 485 2541 praesidentibus
504 2459 594 2534 apud
611 2459 778 2518 Romanos
798 2457 916 2539 Syria,
936 2468 970 2519 ct

223 2560 381 2632 Senecio,
427 2558 480 2641 qni
514 2570 606 2620 erant
636 2558 788 2619 eonsules
822 2557 969 2641 ejusdem

220 2662 297 2724 anni
320 2663 361 2725 V.
387 2662 423 2722 C.
447 2662 521 2722 eoo.
558 2659 662 2741 Hujus
686 2680 816 2744 quoque
840 2675 970 2724 senten·

220 2764 285 2826 tiae
306 2763 404 2825 vades
422 2763 496 2824 citat
512 2763 666 2824 chronica
681 2761 826 2837 Eusebii,
845 2776 879 2824 et
893 2762 970 2824 Ale·

219 2865 427 2928 xandrinum.
472 2867 525 2926 lll.
549 2863 733 2926 Auctoritas
767 2884 966 2925 marmorum

220 2981 255 3030 et
277 2988 470 3040 numorum,
497 2964 529 3025 in
547 2987 685 3049 quorum
703 2965 864 3048 aliquibus
885 2969 967 3028 Tra·

219 3070 313 3150 janus
346 3070 409 3152 jam
432 3070 464 3128 in
488 3068 657 3131 consulatu
679 3068 721 3132 V.
746 3066 865 3129 dicitur
885 3071 966 3129 Par·

218 3172 352 3246 titicus,
390 3183 443 3231 aut
479 3170 545 3252 typi
572 3184 800 3251 proponuntur
829 3169 869 3231 ad
899 3168 968 3231 bel·

220 3272 288 3332 lum
312 3272 499 3333 Parthicum
523 3285 717 3353 spectantes.
760 3270 851 3337 Vide
874 3272 968 3354 plura

220 3376 306 3456 apud
329 3375 433 3456 ipsum
453 3374 700 3435 Tillemontium
719 3374 753 3433 in
770 3386 845 3435 nota
866 3374 968 3439 xvlt.

220 3490 255 3537 et
282 3477 367 3535 XXI.
399 3474 439 3537 ad
469 3476 655 3557 Trajanum.
700 3477 744 3535 At
774 3497 852 3538 cum
879 3473 967 3536 idem

220 3578 272 3639 vir
293 3577 440 3640 eruditus
463 3578 658 3639 sententiam
682 3597 770 3637 suam
792 3563 969 3638 veliemen-

219 3694 273 3741 ter
295 3678 466 3741 contrariis
489 3679 609 3740 Norisii
632 3679 833 3761 argumentis
861 3676 968 3760 promi

220 3780 368 3856 videret,
399 3779 514 3863 quibus
541 3781 569 3842 is
597 3782 752 3843 evincere
781 3778 967 3855 contendit,

221 3883 398 3964 Trajanunt
441 3903 505 3944 non
545 3882 688 3965 potuisse
733 3894 806 3944 ante
849 3902 967 3943 annum

221 3987 261 4047 V.
285 3987 322 4048 C.
351 3985 414 4044 uos
437 3984 473 4046 P.
499 3985 537 4045 X.
566 4002 621 4044 ιιι
648 3985 680 4044 in
705 3982 844 4045 Parthos
870 3981 968 4066 proli·

220 4087 321 4160 cisei,
341 4084 442 4165 (Vide
462 4086 533 4165 ejus
550 4087 720 4168 epistolam
744 4085 967 4159 consularem,

219 4203 273 4251 sut
303 4188 336 4247 in
366 4186 563 4269 compendio
596 4187 843 4250 Tillemontium
873 4185 899 4248 l.
922 4188 967 4268 c.)

220 4304 252 4352 ct
279 4304 387 4351 tamon
410 4290 611 4371 argumentis
634 4290 699 4352 suis
722 4310 821 4371 gnare
840 4285 968 4371 pondus

220 4396 351 4467 inesse,
380 4413 444 4452 non
474 4391 568 4452 aliam
600 4411 673 4453 esse
701 4392 861 4474 aptiorem
885 4390 968 4452 viam

219 4510 307 4558 ratus
331 4507 396 4568 cst,
431 4514 492 4575 qua
514 4492 684 4553 dissidium
708 4493 793 4555 istud
817 4491 969 4560 concilia·

219 4611 331 4670 retur,
354 4615 449 4680 quarn
474 4594 501 4656 si
524 4608 680 4658 statuatur
698 4594 819 4676 duplex
837 4592 968 4675 Traiani

1704 475 1775 546 tet

1030 626 1065 686 in
1080 627 1219 690 Parthos
1236 626 1352 703 exitas,
1366 627 1460 712 prior
1472 629 1507 692 in
1522 629 1692 695 consulatu
1708 626 1778 716 ejus

1030 729 1089 806 V.,
1111 732 1195 792 alter
1212 730 1268 796 Vl.
1725 791 1728 797 .

1092 831 1184 894 Haec
1203 831 1407 896 Tillemontii
1424 850 1633 917 argumenta,
1657 849 1730 901 utut
1745 837 1780 901 in

1030 933 1174 1016 speciem
1196 935 1319 1012 valida,
1347 935 1443 1000 facila
1470 950 1579 1000 tamen
1608 959 1681 1002 cum
1698 959 1781 1023 ,gra-

1031 1034 1177 1097 vioribus
1213 1051 1396 1120 comparata
1430 1037 1496 1103 sim
1529 1049 1660 1102 omnem
1691 1041 1780 1106 amit·
1892 1109 1895 1117 ,

1032 1149 1112 1200 tunt.
1156 1137 1265 1222 Atque
1293 1139 1409 1200 horum
1439 1140 1670 1222 validissimum
1701 1164 1778 1207 sane

1028 1236 1098 1312 est,
1130 1257 1170 1300 ex
1193 1239 1398 1314 auctoribus,
1429 1256 1463 1304 et
1484 1244 1703 1307 monumentis
1726 1266 1779 1308 ve·

1030 1337 1157 1400 teribus
1190 1341 1287 1422 plane
1325 1329 1493 1420 constare,
1537 1345 1711 1426 Traianum
1746 1346 1780 1407 in

1032 1426 1201 1502 consulatu
1227 1442 1283 1508 Vl.
1313 1442 1347 1503 in
1375 1442 1779 1528 Osientomprolectum,

1030 1554 1067 1602 nt
1087 1542 1385 1616 moxnvidebimus3
1410 1557 1442 1606 at
1465 1543 1557 1605 illum
1582 1568 1645 1628 per
1667 1567 1783 1611 consu·

1030 1641 1130 1704 latum
1153 1643 1193 1708 V.
1223 1645 1327 1707 Roma
1357 1644 1526 1722 abluisse,
1557 1647 1680 1709 nedum
1711 1649 1783 1711 lon·

1031 1744 1204 1829 ginquunt,
1234 1767 1351 1830 grave,
1376 1766 1412 1809 ac
1431 1746 1652 1828 periculosum
1676 1750 1709 1810 in
1729 1767 1782 1814 re·-

1029 1861 1119 1909 moto
1139 1846 1277 1911 Oriente
1296 1846 1419 1910 bellum
1441 1848 1600 1930 gessisse,
1623 1851 1716 1913 nullo
1733 1850 1780 1912 in·

1030 1948 1193 2012 dubitatae
1211 1948 1288 2012 {idei
1307 1949 1493 2012 testimonio
1512 1971 1609 2034 posse
1629 1971 1782 2034 compro·

1028 2050 1109 2116 bari.
1153 2052 1206 2113 An
1235 2049 1417 2129 credibile,
1445 2051 1532 2114 istud
1563 2054 1777 2136 praeteritum

1027 2151 1128 2215 feisse
1151 2153 1197 2215 ab
1212 2153 1395 2229 historicis,
1424 2166 1457 2216 et
1483 2151 1522 2214 ab
1544 2152 1662 2215 horum
1685 2156 1778 2217 nullo

1028 2255 1083 2318 vel
1101 2268 1232 2317 tenuem
1248 2255 1365 2317 factam
1384 2255 1583 2317 mentionem
1602 2254 1683 2319 belli
1701 2258 1779 2319 Par·

1028 2356 1109 2419 tbici
1134 2359 1296 2438 duplicis,
1326 2377 1400 2419 cum
1427 2357 1687 2441 tumenduplex
1711 2358 1780 2421 bel·

1029 2457 1097 2519 lum
1112 2456 1267 2519 Dacicum
1287 2470 1401 2539 aperte
1422 2457 1621 2540 distinguant
1637 2459 1719 2535 Dio,
1734 2473 1780 2522 'et

1029 2558 1241 2642 Spartianus?
1270 2571 1307 2620 et
1325 2580 1365 2620 an
1388 2559 1462 2621 ullo
1480 2574 1575 2643 paeto
1599 2560 1779 2638 credibile,

1028 2659 1056 2720 si
1078 2659 1235 2739 Trajsnns
1257 2655 1375 2722 revera
1398 2661 1431 2721 in
1456 2664 1631 2724 consulatu
1644 2665 1685 2730 V.
1705 2684 1779 2725 cmn

1026 2760 1158 2822 Parthis
1183 2759 1245 2821 fuit
1273 2759 1488 2837 commissus,
1522 2782 1630 2847 neque
1659 2763 1798 2826 redirit

1025 2859 1205 2944 inglorius,
1234 2860 1356 2923 nullam
1386 2861 1419 2920 in
1450 2862 1576 2939 nuntie,
1607 2864 1662 2925 vel
1693 2884 1777 2925 mar·

1025 2961 1172 3025 moribus
1202 2959 1509 3026 lieri'mentionem
1539 2984 1598 3026 seu
1626 2964 1777 3027 victoria·
1833 2983 1839 2995 ’

1025 3086 1119 3142 rum,
1162 3082 1222 3128 seu
1256 3066 1468 3129 decretorum
1501 3065 1682 3141 honorum,
1724 3077 1777 3127 ut:

1026 3167 1200 3252 triumphi,
1234 3188 1349 3244 arcus,
1384 3167 1470 3231 ancti
1499 3166 1706 3251 imperatoris
1724 3166 1778 3228 =ti·
1810 3230 1814 3236 ,

1025 3269 1087 3330 tuli
1108 3270 1193 3334 etc?
1221 3270 1381 3340 Videmus
1400 3268 1434 3330 in
1457 3270 1564 3332 numis
1584 3269 1780 3354 sepitopri·

1026 3369 1103 3434 dem
1137 3371 1228 3435 bello
1262 3374 1386 3437 Dacico
1424 3372 1567 3455 signatis
1597 3385 1782 3456 perpetuo,

1026 3487 1122 3555 atque
1154 3472 1195 3536 ad
1224 3472 1388 3536 fastidiam
1414 3473 1528 3557 jactari
1550 3473 1691 3549 Dacica,
1729 3473 1776 3534 ni-

1026 3575 1143 3637 mirum
1166 3587 1278 3639 vetera
1299 3575 1373 3651 illa,
1403 3595 1443 3637 sn
1470 3572 1657 3639 reticuisset
1683 3593 1774 3636 aena·

1025 3690 1095 3753 tus,
1125 3675 1180 3760 qui
1210 3676 1441 3760 imperatotem
1470 3696 1563 3738 suum
1591 3673 1695 3738 laedis
1717 3675 1776 3736 im·

1025 3777 1190 3842 modicum
1211 3779 1321 3855 norit,
1343 3798 1443 3841 novas
1465 3778 1575 3841 lauros
1599 3796 1641 3840 ex
1658 3776 1778 3841 Orien·

1025 3893 1060 3943 te
1098 3879 1304 3963 adportatas?
1355 3880 1438 3948 Nam
1477 3877 1662 3963 neutiquam
1707 3900 1776 3942 mo·

1026 4003 1100 4044 mor
1119 3983 1254 4064 paucula
1276 3982 1332 4044 illa
1354 3981 1505 4064 exempla
1525 4001 1567 4042 es
1586 3982 1713 4059 numia,
1741 3997 1776 4045 et
1815 4040 1818 4047 ,

1025 4081 1242 4146 marmoribus
1276 4084 1488 4146 Tillemontio
1525 4082 1671 4146 obtrusa.
1711 4085 1774 4148 Va·

1025 4185 1115 4248 leant
1136 4185 1217 4248 haec
1239 4200 1466 4262 monumenta,
1492 4197 1529 4247 ut
1554 4205 1631 4248 sane
1659 4186 1771 4250 valere

1026 4287 1164 4349 multum
1188 4286 1327 4364 debent,
1355 4301 1387 4349 at
1408 4301 1475 4349 tum
1498 4286 1605 4349 selum
1627 4287 1772 4363 valeant,

1026 4410 1101 4453 cum
1132 4388 1225 4452 nobis
1253 4388 1296 4452 ds
1325 4408 1440 4450 eorem
1470 4385 1535 4450 lide
1563 4387 1663 4472 plene
1691 4410 1773 4454 con·

1027 4505 1098 4556 stat.
1141 4491 1268 4553 Bellum
1305 4488 1474 4553 enimvero
1508 4489 1643 4572 Trajatsi
1672 4490 1772 4556 bisto-
1798 4482 1803 4497 ⁸

1026 4592 1129 4669 riam,
1151 4611 1246 4676 quam
1271 4593 1342 4678 qnia
1368 4612 1411 4655 ex
1432 4591 1588 4676 catalogis
1609 4613 1670 4657 seu
1692 4595 1772 4677 lapi·

1385 4693 1522 4756 blla
