4012 5370
839 449 1168 564 svcvsrvs

238 646 317 710 olins
352 647 554 710 consulatum
594 648 698 714 inivit.
755 650 847 714 Vixit
881 672 981 715 annos

233 749 368 815 Lxxv.
388 752 570 815 mauseoli.
593 751 664 830 dies
678 752 796 818 xxvt.
814 755 853 834 ²).

299 850 363 915 Vir
376 849 436 912 suit
453 852 576 935 magnis
594 853 765 916 virtutihus
784 854 979 937 spectabilis,

235 964 270 1013 et
294 972 377 1035 quae
404 951 516 1014 habuit
539 954 632 1031 sitia,
663 956 708 1018 sic
738 957 872 1019 fuerunt
899 969 980 1018 tem·

231 1067 364 1138 perata,
400 1067 435 1115 ut
464 1054 528 1115 feri
558 1071 700 1138 possent.
745 1058 867 1121 Occiso
895 1057 978 1120 lulio

232 1140 311 1216 cum
331 1153 545 1245 principatum
570 1155 660 1220 adire
686 1158 791 1219 statim
816 1180 881 1219 non
905 1181 979 1242 pos·

232 1269 302 1332 set,
332 1255 477 1318 aemulos
500 1256 657 1339 tantisper
687 1280 817 1341 passus,
848 1261 977 1322 tandem

231 1356 424 1432 tolerantia,
470 1357 713 1437 moderatione,
751 1362 849 1423 armis
885 1383 980 1443 supe·

229 1459 304 1522 tior
323 1458 473 1523 omnibus
506 1461 624 1536 erasit,
651 1462 756 1550 iisque
785 1475 839 1526 aut
868 1463 976 1541 victis,

230 1573 287 1623 eut
314 1559 467 1622 abdicare
507 1564 626 1625 coactis
664 1587 768 1649 remp.
793 1567 883 1628 vario
921 1585 979 1626 no·

230 1663 339 1738 mine,
375 1675 467 1724 sueta
499 1667 687 1746 quotannis,
724 1687 762 1731 ae
796 1667 898 1749 magis
926 1664 981 1726 fir·

230 1776 317 1826 mnu
340 1762 487 1845 potentia
515 1765 553 1826 ab
573 1789 656 1831 anno
687 1770 727 1835 V.
744 1770 779 1842 C,
806 1769 870 1851 723
897 1768 976 1850 ipsis

231 1863 444 1949 quadraginta
466 1880 603 1949 quatuor
623 1870 713 1933 annis
737 1870 825 1932 solus
853 1868 975 1946 tenuit,

229 1980 266 2028 et
300 1966 538 2044 monarchiam,
576 1991 670 2053 quam
707 1974 730 2032 l.
771 1973 901 2034 Caesar·
928 1971 976 2031 in·

227 2068 377 2143 chosrit,
398 2069 470 2152 ipse
492 2068 632 2153 denique
651 2074 832 2159 constituit,
858 2093 895 2135 ea
916 2072 976 2134 sal·

225 2181 414 2233 temerata
438 2170 579 2252 imperio
601 2173 640 2236 ll.
666 2176 855 2249 salutarem,
888 2173 975 2257 quod

225 2270 292 2334 isto
317 2268 399 2347 sibi,
426 2270 635 2356 libertatique
663 2297 739 2338 suae
763 2277 881 2338 relicto
902 2275 976 2336 ficri

225 2390 294 2433 non
319 2385 466 2456 poterat,
499 2375 576 2458 quin
609 2377 716 2438 omnia
742 2390 878 2459 propter
911 2376 977 2458 pri·

226 2487 377 2538 tutorum
402 2476 597 2557 potentiam,
629 2498 726 2560 opes,
755 2492 976 2560 contemptum

225 2573 358 2660 teg-n,
385 2596 423 2639 ec
444 2577 670 2652 ambitionem,
693 2578 789 2642 letale
811 2580 892 2661 reip.
911 2603 977 2642 ma·

227 2675 314 2754 ln,
337 2697 470 2760 pessum
486 2679 586 2756 irent,
613 2701 694 2765 quae
711 2681 832 2764 corrigi
853 2682 974 2756 omnia,

228 2777 372 2839 uisiuno
396 2780 596 2864 imperante,
624 2802 691 2844 non
716 2797 860 2865 possunt.
908 2785 973 2845 lam

228 2895 308 2942 teto
330 2880 421 2965 quod
445 2883 564 2967 exigua
590 2884 729 2966 primum
748 2904 823 2966 spe,
853 2883 973 2946 deinde

227 2977 314 3043 inter
344 2982 568 3066 inpedimenta
598 2986 785 3067 gravissima
813 3007 895 3046 unias
922 3005 975 3048 re·

225 3101 299 3161 nm
322 3085 446 3166 potitm
479 3100 546 3160 est,
580 3085 666 3148 istud
694 3088 789 3148 unius
823 3087 973 3148 fortunae

225 3179 328 3248 him
358 3205 457 3268 opus,
488 3185 640 3249 viderunt
663 3187 734 3265 alii,
757 3202 790 3251 et
813 3189 883 3271 ipae
909 3189 976 3250 for·

226 3295 325 3348 tunae
350 3299 523 3370 acceptum
548 3289 630 3352 tulit.
659 3290 739 3370 Ejus
766 3310 842 3352 sane
870 3307 974 3364 causa,

225 3383 333 3471 inquit
355 3389 409 3452 vir
435 3411 578 3452 summus
606 3390 800 3452 Plutarchus
821 3388 873 3471 l³),
913 3389 975 3452 etsi

223 3486 314 3550 eliud
347 3490 492 3566 vellent,
536 3491 654 3576 Cicero
697 3491 836 3574 primum
869 3512 974 3573 remp.

222 3587 372 3653 mitiis
399 3593 466 3654 suis
489 3593 593 3666 rexit,
625 3591 770 3674 Lepidus
793 3588 973 3656 exereitum

221 3691 349 3768 tenuit,
374 3689 480 3755 Pansa
495 3691 590 3768 vicit,
619 3695 746 3757 Hirtius
773 3694 806 3754 in
829 3694 897 3757 acie
919 3715 972 3774 ce·

224 3790 327 3870 dtis,
349 3808 386 3857 et
402 3796 562 3857 Antonius
583 3797 686 3858 amori
711 3796 843 3860 vacavit.
883 3794 970 3890 Quin

220 3909 259 3962 et
280 3895 508 3980 Cieopatram,
536 3896 655 3981 inquit,
680 3897 714 3958 in
733 3898 880 3961 Caesaris
905 3897 972 3960 lor·

218 4012 302 4062 tue
334 4015 441 4081 pono,
479 3998 513 4059 in
545 4018 641 4084 quam
680 3997 771 4062 velut
801 4002 970 4083 scopulum

218 4099 365 4186 inpegit
385 4119 529 4162 summus
549 4097 744 4183 imperator,
771 4115 808 4162 ut
827 4100 970 4187 denique

219 4201 315 4267 tolno
336 4214 480 4264 restaret
503 4202 634 4266 Caesar.
679 4201 789 4295 Quare
816 4224 890 4266 eum
915 4225 973 4268 ne·

219 4316 338 4389 poten
361 4300 477 4366 Caium
507 4301 547 4365 ad
571 4302 695 4365 bellum
727 4301 873 4368 Orientis
900 4306 972 4368 mit·

220 4418 333 4480 teret,
364 4404 399 4466 ei
426 4402 652 4466 fortitudinem
685 4405 863 4488 Scipionis,
900 4429 971 4490 gra·

218 4505 299 4572 dan
325 4504 500 4589 Pompeii,
533 4527 622 4568 suam
646 4529 725 4571 vero
747 4509 845 4591 ipsius
869 4509 972 4571 sortu-

256 4718 287 4786 s)
311 4714 383 4770 Dio.
461 4711 495 4784 b)
515 4715 551 4769 de
567 4715 647 4772 ron.
663 4713 747 4771 Rom.
765 4714 797 4772 L.
810 4713 845 4771 ll.
865 4734 893 4790 p.
905 4724 966 4794 518.

1724 505 1793 585 ιιι)

1038 674 1112 715 nam
1144 668 1294 737 precatus
1324 660 1384 720 esi.
1428 649 1648 736 Principalem
1682 658 1798 740 primo

1037 774 1099 836 per
1127 754 1189 817 rim
1216 771 1360 838 partum,
1389 776 1502 818 moxa
1528 757 1713 820 volentibus
1734 757 1791 821 de·

1036 853 1136 917 latum
1159 857 1293 941 egregie
1322 856 1574 932 administrarit,
1607 855 1654 921 sic
1684 872 1719 920 ut
1740 877 1791 922 sc·

1037 956 1164 1019 curitati
1188 959 1336 1041 publicae
1364 958 1512 1028 stabilitis
1533 957 1677 1040 legibus,
1696 978 1790 1023 coer·

1037 1057 1110 1120 citis
1143 1043 1372 1136 seditionibus,
1411 1059 1592 1142 repressis,
1625 1075 1679 1123 aut
1718 1078 1791 1123 scr·

1036 1156 1107 1221 vire
1150 1160 1270 1222 coactis
1309 1161 1453 1224 externis
1485 1160 1632 1223 hostibus
1664 1162 1786 1243 optime

1037 1259 1242 1340 consuleret,
1268 1270 1420 1343 essetque
1444 1259 1515 1345 ejus
1535 1263 1709 1345 imperium
1733 1284 1788 1328 re·

1037 1360 1225 1424 motissimis
1258 1360 1355 1423 etiam
1395 1361 1545 1446 gentibus
1577 1364 1786 1427 formidatum

1036 1483 1139 1549 aeque
1166 1482 1203 1526 ae
1228 1461 1429 1532 venerabile.
1472 1465 1526 1527 ad
1555 1465 1643 1529 bella
1671 1484 1787 1551 geren·

1038 1564 1079 1626 da
1103 1563 1238 1639 habilis,
1281 1584 1397 1626 eorum
1424 1575 1533 1629 tamen
1558 1567 1690 1630 felicem
1719 1565 1789 1631 exi·

1038 1677 1106 1726 tum
1144 1665 1269 1727 alienae
1303 1666 1405 1748 magis
1441 1662 1552 1731 virtuti
1588 1667 1782 1752 pierumque

1038 1763 1161 1830 debuit.
1205 1765 1372 1831 Victoriae
1393 1766 1612 1849 Philippensis
1638 1769 1707 1831 laus
1730 1790 1786 1850 pe·

1033 1885 1094 1928 nes
1121 1887 1221 1927 unum
1247 1868 1292 1930 Μ.
1321 1866 1515 1945 Antonium,
1546 1867 1623 1932 victi
1650 1869 1784 1952 praeliis

1033 1965 1199 2029 navalibus
1229 1964 1305 2032 Ser.
1327 1966 1494 2056 Pompeji,
1537 1968 1625 2030 etad
1654 1970 1784 2031 Actium
1831 2028 1833 2032 .

1034 2067 1168 2129 Antonii
1194 2087 1293 2149 penes
1319 2089 1415 2134 unum
1441 2069 1512 2132 iere
1532 2073 1577 2135 M.
1591 2070 1781 2154 ngrippam

1034 2169 1132 2231 stetit.
1177 2173 1212 2230 Iu
1233 2169 1397 2233 Dalmatas
1423 2172 1508 2234 ricto
1530 2172 1781 2262 Pompejo'ipsc

1035 2271 1142 2348 duxit,
1169 2290 1205 2333 ac
1233 2274 1338 2333 serius
1363 2271 1395 2332 in
1419 2273 1614 2349 Cantabros,
1643 2277 1725 2356 quae
1749 2272 1781 2335 el

1036 2372 1202 2456 expeditio
1228 2375 1392 2455 postrema
1412 2374 1489 2450 fuit,
1519 2397 1592 2436 nam
1619 2368 1697 2458 quas
1726 2371 1782 2436 de·

1034 2473 1147 2556 inceps
1171 2469 1330 2555 suscepit,
1352 2477 1396 2541 Μ.
1422 2475 1587 2559 Agrippae
1597 2491 1612 2552 ,‘
1631 2489 1684 2537 tut
1703 2473 1781 2538 viris

1035 2596 1076 2638 ex
1100 2575 1222 2638 familia
1249 2586 1306 2638 sua
1332 2577 1511 2653 commisit,
1534 2576 1580 2638 sic
1598 2589 1723 2652 tamen,
1744 2589 1784 2643 ¹ut

1034 2677 1105 2761 ipse
1131 2677 1246 2740 relicta
1263 2679 1367 2741 Roma
1390 2678 1561 2762 praeclaro
1583 2675 1719 2738 consilio
1741 2695 1783 2760 ex
1865 2763 1869 2774 Ι

1032 2775 1217 2860 propinquo
1241 2779 1290 2838 rei
1316 2778 1482 2861 gerendae
1502 2798 1613 2839 euram
1635 2778 1782 2840 intende-

1031 2891 1094 2940 ret.
1137 2877 1248 2953 Bella,
1276 2880 1338 2941 nisi
1364 2900 1437 2942 eum
1463 2877 1695 2954 necessaluit,
1716 2895 1782 2940 non
1855 2873 1858 2876 ’

1032 2978 1158 3060 coepit,
1188 2992 1285 3062 atque
1317 2983 1413 3044 etiam
1447 2994 1579 3063 coepta,
1613 3001 1687 3043 cum
1719 2979 1781 3041 sibi

1032 3081 1119 3160 ultre
1158 3078 1197 3141 ab
1236 3081 1384 3145 hostibus
1422 3077 1615 3159 satisfieret,
1661 3079 1779 3144 omisit.

1031 3186 1237 3249 Adolescens
1255 3209 1272 3248 a
1293 3185 1424 3248 saevitia
1442 3206 1506 3246 non
1524 3184 1667 3259 alienus,
1693 3181 1781 3266 quod

1033 3303 1109 3373 post
1126 3286 1250 3351 bellum
1269 3287 1499 3370 Philippense,
1531 3301 1565 3348 et
1581 3286 1777 3350 Perusinum

1033 3397 1246 3474 compertum
1265 3389 1345 3466 fuit,
1381 3403 1489 3451 tamen
1520 3387 1625 3451 facilis
1652 3387 1712 3448 luit
1738 3385 1779 3448 ad

1031 3493 1283 3574 ignoscendum,
1315 3502 1348 3553 et
1374 3489 1470 3551 facile
1501 3509 1536 3551 se
1566 3488 1704 3550 aliorum
1730 3509 1779 3550 sa·

1031 3592 1081 3655 nis
1103 3592 1463 3675 consiliis,·praecipuc
1490 3589 1704 3664 Maecenatis,
1736 3587 1777 3650 ad

1031 3695 1310 3758 mansuetudinem
1319 3690 1468 3756 revocari
1480 3709 1590 3775 passus
1601 3705 1660 3755 est.
1684 3691 1777 3752 Sum·

1028 3811 1101 3879 ptus
1123 3796 1156 3857 in
1186 3794 1321 3858 edendis
1342 3793 1553 3877 spectaculis,
1578 3783 1773 3875 congiariis,

1029 3897 1212 3960 muniendis
1249 3896 1326 3972 riis,
1361 3890 1518 3958 aediliciis
1553 3891 1692 3977 publicis
1727 3891 1776 3953 in«

1029 4014 1145 4083 gentes
1168 3998 1264 4075 fecit,
1299 3997 1360 4061 etsi
1383 3998 1490 4060 cultus
1516 3993 1605 4059 domi
1633 3996 1772 4078 simplex

1028 4113 1131 4176 esset,
1162 4113 1195 4163 et
1223 4100 1287 4164 vita
1318 4099 1464 4181 frugalis.
1507 4098 1626 4167 Animo
1657 4097 1691 4157 in
1720 4095 1773 4157 nd·

1028 4202 1132 4267 versis
1152 4220 1217 4264 non
1239 4221 1392 4284 semper,
1414 4213 1450 4262 ut
1467 4194 1572 4260 virum
1596 4196 1772 4274 decuerat,

1028 4304 1106 4366 forti
1123 4300 1312 4391 fuit,'quod
1335 4297 1435 4386 patuit
1446 4315 1526 4401 post
1538 4297 1617 4364 Vari
1637 4298 1670 4358 in
1690 4299 1772 4361 Ger·

1028 4407 1133 4469 mania
1165 4406 1310 4478 cladem,
1344 4404 1512 4485 variasque
1547 4399 1662 4461 demus
1692 4420 1768 4463 suae

1027 4491 1229 4593 ignominias.
1260 4498 1455 4574 Valetudiue
1473 4499 1551 4564 ‘etsi
1579 4500 1684 4563 minus
1717 4499 1771 4563 fir·
