4012 5370
603 431 766 506 rvma
799 432 932 509 tvo.
964 433 1007 506 r.
1081 377 1085 394 “

496 774 689 839 rrnrA
730 773 1034 841 Arorsrr
1075 736 1110 842 rt
1155 781 1162 793 ’

201 961 238 1008 ex
259 943 407 1029 Angusto
429 956 463 1006 et
485 941 655 1006 Scribonia
676 941 718 1010 V.
735 942 772 1006 C.
830 942 1001 1027 relegatur
1022 943 1064 1014 V.
1082 944 1118 1008 C.
1136 947 1199 1028 752
1224 945 1399 1015 comitante
1428 971 1501 1028 eam
1528 956 1579 1021 ul.

203 1045 282 1108 nnio
311 1059 385 1129 port
415 1045 609 1128 desponsata
638 1045 772 1126 Antyllo
830 1058 883 1108 tro
911 1059 1013 1108 matre
1042 1045 1212 1112 Scribonia
1233 1053 1278 1134 e),
1317 1064 1446 1138 tamque
1467 1057 1579 1142 Augu.

204 1149 227 1209 ii
257 1148 325 1209 lilio
351 1149 398 1228 ⁸),
438 1161 470 1208 et
500 1148 528 1207 si
558 1151 671 1211 veroin
706 1160 770 1223 eat,
830 1161 897 1208 etue
917 1147 976 1208 luit
996 1147 1155 1209 obstinato
1175 1150 1330 1214 advertus
1356 1175 1486 1219 omnem
1509 1159 1577 1223 cle·

201 1253 238 1312 ll.
254 1250 388 1309 Antonii
410 1248 538 1330 scriptia
560 1261 668 1310 narrat
691 1248 771 1308 Sue·
830 1248 981 1310 mentium
1005 1246 1129 1323 animo,
1156 1261 1192 1311 ut
1214 1271 1288 1313 cum
1310 1255 1416 1319 aerina
1439 1259 1575 1324 exilium

224 1349 322 1414 etiam
346 1349 491 1412 Cotisoni
508 1349 663 1411 Getarum
686 1347 769 1429 regi.
827 1350 1064 1433 deprecaretur
1084 1351 1242 1434 populus,
1270 1357 1509 1439 responderet,
1531 1362 1575 1424 ci-

227 1465 348 1514 erentu
376 1471 533 1514 caruere:
566 1471 639 1511 uam
662 1449 769 1510 matri·
826 1455 889 1514 tiua
911 1474 1025 1536 aquam
1048 1453 1116 1535 igni
1140 1453 1276 1516 mixtum
1301 1455 1359 1533 iri,
1383 1479 1480 1542 quam
1502 1480 1575 1525 eam

204 1553 279 1615 dem
298 1554 406 1635 juncta
423 1553 483 1614 suit
499 1551 658 1613 Marcello
670 1550 770 1612 Octa·
827 1555 860 1615 in
888 1554 1025 1635 patriam
1055 1568 1243 1616 revocatum
1254 1577 1265 1638 3
1301 1577 1441 1644 cumque
1472 1581 1577 1647 popu.

221 1656 264 1721 V.
288 1655 324 1715 C.
351 1673 431 1734 7aq,
470 1655 532 1714 hoc
562 1665 768 1735 praemature
828 1655 877 1715 lua
900 1654 941 1715 ad
962 1654 1190 1716 infirmandum
1221 1657 1293 1740 ejus
1321 1662 1502 1725 sententiae
1531 1666 1577 1727 ri·

201 1773 227 1817 :o
256 1758 302 1819 Μ.
324 1757 490 1837 Agrippae
514 1758 554 1820 V.
571 1756 606 1816 C.
626 1754 706 1834 733,
736 1766 768 1813 et
826 1776 942 1837 gorem
967 1756 1134 1838 copiosum
1160 1757 1271 1840 ignem
1293 1759 1327 1819 in
1345 1760 1491 1824 Tiberim
1516 1765 1572 1829 de-

201 1877 221 1916 u
251 1869 390 1917 mortem
415 1857 551 1918 'l'iberio
573 1858 614 1919 V.
637 1857 673 1919 C.
693 1855 768 1935 743.
826 1857 961 1937 jiceret,
984 1860 1377 1957 eousque‘pcracveravit
1398 1863 1431 1922 iu
1453 1884 1592 1948 proper

827 1958 904 2030 aito,
929 1970 964 2018 ut
983 1970 1090 2019 tamen
1109 1959 1220 2021 redire
1240 1959 1513 2026 incontinentem
1532 1986 1575 2029 ex

202 2079 256 2117 um
277 2057 373 2120 obvio
394 2059 511 2141 cuique
528 2061 698 2139 vulgaret,
725 2070 770 2119 at·
828 2059 950 2134 insula,
980 2060 1013 2119 in
1036 2079 1097 2142 qua
1120 2059 1374 2143 quinquennium
1398 2063 1509 2142 latuit,
1538 2079 1574 2130 et

201 2173 330 2243 propter
359 2158 492 2242 adsequi
527 2180 666 2241 pronum
703 2170 769 2232 eat,
828 2150 974 2222 habitare
1000 2159 1123 2245 Rhegii
1150 2156 1400 2227 addita-severa
1426 2149 1602 2231 custodia*

226 2262 450 2344 gravisfuerit
468 2263 652 2343 Agrippae,
680 2279 771 2322 seve·
827 2263 1035 2346 permitteret
1057 2260 1094 2342 s).
1128 2263 1249 2324 Contra
1275 2263 1379 2326 vetuit
1401 2278 1575 2331 testamen·

201 2365 358 2425 riacorum
382 2383 510 2424 morum
537 2363 623 2438 viro,
651 2375 684 2452 ct
702 2374 772 2422 erat
828 2376 880 2438 to,
907 2384 994 2438 eam,
1020 2363 1156 2446 ejusque
1178 2382 1218 2424 ex
1236 2363 1382 2448 Agrippa
1404 2367 1575 2448 liliamllu·

218 2479 324 2527 aetate
345 2477 509 2539 constans,
536 2477 569 2524 et
594 2483 690 2546 quern
715 2482 773 2523 ne·
828 2464 906 2525 liam
930 2455 1095 2527 maternae
1116 2462 1335 2546 impudicitiae
1357 2469 1517 2532 aemulam
1539 2472 1576 2532 in

201 2595 203 2606 >
240 2565 392 2629 Tiberina
429 2565 649 2638 inficiabatur,
686 2562 772 2624 hunc
831 2581 958 2629 auomet
979 2568 1132 2648 sepulcro
1150 2565 1277 2627 humari
1291 2567 1334 2644 tt).
1364 2571 1448 2632 Iram
1472 2569 1575 2654 patria

201 2668 299 2750 magia
319 2667 360 2729 de
379 2689 472 2729 causa
490 2665 665 2729 secessisse
685 2665 772 2725 Itho·
830 2667 1031 2731 intenderint
1068 2668 1165 2728 etiam
1203 2663 1338 2728 concilia
1374 2671 1574 2757 parricidae,

201 2792 262 2833 tam
291 2790 333 2831 ne
365 2769 476 2832 uxoria
512 2767 674 2829 infamiam
707 2764 773 2847 pati
831 2791 912 2852 quae
933 2770 966 2829 in
987 2788 1025 2829 ca
1041 2767 1146 2849 palam
1169 2757 1252 2828 sacia
1268 2767 1373 2829 refert
1387 2769 1513 2832 Plinius
1528 2768 1574 2853 ¹¹).

201 2885 341 2955 geretur
362 2873 402 2951 c).
434 2869 536 2931 Filiae
559 2869 686 2931 scelera
707 2873 773 2926 Au·
830 2870 983 2932 Tiberius
1011 2867 1185 2950 imperium
1213 2867 1349 2953 adeptut
1375 2877 1446 2931 eam
1474 2872 1576 2961 conti

213 2974 432 3055 incomperta,
452 2973 581 3034 tandem
599 2991 672 3033 cum
688 2981 773 3029 atro·
828 2992 893 3033 nuo
911 2971 957 3033 aic
973 2969 1103 3045 clausit,
1125 2981 1159 3031 ut
1173 2989 1252 3051 prae
1270 2989 1424 3032 aerumna
1439 2985 1473 3033 et
1487 2971 1574 3037 fame

201 3089 272 3150 ent,
304 3096 398 3158 quam
427 3087 462 3134 ut
488 3074 590 3135 celari
620 3083 769 3153 possent,
828 3074 964 3135 interire
990 3069 1109 3131 misere
1135 3083 1312 3154 cogeretur
1329 3062 1574 3138 eodem'adhuc

201 3192 256 3238 ,ter
278 3175 450 3258 perculere
472 3188 616 3256 patrem,
645 3187 769 3233 utnon
829 3196 913 3237 anno
935 3173 1111 3252 V.C.7i›7
1132 3168 1167 3251 i).
1206 3172 1360 3233 Ceterum
1385 3174 1573 3239 Macrobioe

201 3323 206 3354 ,
233 3277 316 3339 haec
345 3277 459 3338 domus
488 3295 563 3337 auae
594 3272 770 3355 opprobria
829 3278 859 3337 in
893 3298 932 3338 ea
952 3275 1136 3352 ,literarum
1169 3293 1330 3349 amorem,
1373 3274 1573 3362 multamque

201 3379 335 3452 tenatui,
360 3379 478 3461 diuque
499 3377 677 3439 abstineret
695 3394 771 3436 con·
829 3376 1064 3452 eruditionem,
1088 3363 1125 3438 ac
1142 3387 1314 3458 praeterea
1333 3376 1445 3437 mitem
1463 3377 1574 3442 huma·

204 3483 343 3554 minum,
363 3481 438 3563 quin
457 3479 498 3541 de
515 3500 552 3541 ea
571 3479 667 3538 ctiam
685 3498 772 3537 mor·
827 3481 961 3543 nitatem
984 3477 1206 3551 commendat,
1229 3494 1310 3559 quae
1336 3475 1503 3557 ingentem
1525 3479 1574 3543 fe·

201 3582 249 3644 ida
278 3583 439 3664 cogitaret
462 3582 504 3659 d).
547 3578 692 3640 'l'andrm
716 3578 771 3638 de·
828 3582 934 3642 minae
965 3580 1100 3662 gratiam
1128 3575 1168 3638 ab
1196 3575 1264 3657 ipsa
1288 3575 1420 3637 fortuna
1448 3591 1574 3642 auctam

203 3684 299 3744 nibus
324 3685 393 3763 ejus
417 3681 636 3765 impudicitiae
663 3699 771 3739 exem·
829 3682 1064 3754 conciliavere,
1084 3698 1121 3739 ac
1138 3676 1295 3738 nonnulla
1308 3676 1354 3738 ibi
1371 3675 1441 3765 ejus
1456 3693 1572 3764 argute
1659 3715 1662 3718 >

228 3785 284 3868 qui
310 3806 382 3845 curn
406 3806 444 3846 ea
467 3801 688 3856 consuevere,
720 3793 774 3841 aut
831 3776 1226 3858 dieracomnemoratk).
1498 3789 1503 3796 ·

216 3885 372 3961 adiectis,
401 3909 481 3970 quos
503 3887 588 3945 intor
608 3882 773 3943 lnitlulua
895 3883 1010 3944 Proles
1041 3900 1083 3942 ex
1115 3899 1179 3940 uno
1204 3876 1350 3960 Agrippa
1381 3879 1476 3944 enixa
1507 3895 1572 3960 eet,

218 3991 264 4053 tt.
288 3989 422 4049 Antonii
451 3988 557 4050 lllriri
583 3984 686 4059 filius,
721 3997 775 4045 aut
832 3984 910 4070 quai
931 4004 1027 4067 supra
1043 3981 1077 4043 in
1094 3978 1242 4064 Agrippa
1255 3978 1418 4046 receneni.

201 4112 229 4152 m
260 4090 363 4174 pulsia
392 4091 460 4173 ipsa
489 4091 522 4149 in
549 4087 774 4150 Pandatariam

201 4260 1570 4293 mm

201 4405 366 4461 tntilli.
384 4407 407 4476 §-
419 4412 461 4465 Sl.
580 4402 614 4474 lt)
635 4405 664 4458 in
680 4405 754 4477 Aug.
775 4405 852 4463 cot.
971 4401 1002 4467 c)
1020 4394 1113 4452 Tacit.
1128 4396 1204 4482 Anu.
1218 4392 1240 4450 l.
1256 4403 1300 4456 5³·
1321 4388 1378 4448 131⁰
1393 4389 1426 4448 1⁴·
1435 4389 1496 4450 LV·
1512 4395 1538 4464 ᾗ.
1548 4407 1574 4466 9:

201 4497 307 4569 nAug.
324 4498 402 4559 ops.
489 4493 519 4560 c)
538 4492 594 4546 Dio
610 4493 642 4547 L.
653 4492 712 4552 LV.
729 4496 806 4562 §.to
892 4487 1021 4561 OSuct.
1041 4504 1067 4541 c.
1078 4488 1122 4548 65.
1136 4482 1192 4538 Dio
1204 4481 1224 4536 l.
1236 4501 1260 4540 c.
1274 4485 1357 4552 §.¹3⁶
1409 4541 1415 4553 .
1444 4485 1480 4574 gl
1497 4481 1576 4541 Suet.

201 4585 320 4658 lw-
391 4584 427 4657 h)
447 4582 553 4644 L.Vll.
570 4583 650 4654 §.tn
724 4582 749 4655 i)
769 4580 862 4638 Tacit.
874 4580 951 4636 Anu.
964 4578 988 4636 1.
1003 4596 1028 4634 c.
1039 4586 1082 4641 53.
1098 4574 1237 4637 Zonaras.
1311 4568 1347 4656 lt)
1368 4567 1485 4629 satura
1499 4568 1576 4668 ¹¹5.st
