4012 5370
552 491 919 568 niancnnnvs.
1437 500 1504 580 τοι

258 655 393 721 Numi:
629 654 634 661 ’
766 661 911 745 jugatum
945 681 1018 724 enm
1049 659 1153 748 capite
1181 661 1287 733 mariti
1313 662 1445 728 Antonii
1475 663 1508 727 in

202 760 268 822 ntni
294 759 461 823 commatis
478 760 626 824 Romani.
656 761 707 822 Ex
766 765 872 826 nnmis
890 762 1095 847 cistophoiis‚
1112 763 1275 848 variisque
1288 767 1399 829 aeneis
1415 787 1510 854 prae·

201 863 316 946 lisignis
342 864 556 946 praestantiae
581 877 632 926 est
660 884 708 927 se·
766 865 927 927 lectorum
969 864 1080 928 elassis
1114 865 1183 948 ejus
1216 866 1334 932 Illviri.
1383 870 1509 937 Verum

766 979 840 1027 sunt
858 965 977 1028 eruditi
1001 967 1072 1043 alii,
1100 968 1155 1052 qni
1176 966 1337 1031 muliebre
1358 969 1439 1032 illud
1457 991 1509 1035 et·

201 1064 248 1130 is.
276 1065 376 1129 AVG.
394 1068 481 1130 ΙΜΡ.
502 1064 707 1130 OCTAVIA.
764 1082 821 1150 put
845 1088 915 1129 esse
933 1067 1126 1152 Cleopatrae
1146 1069 1347 1144 existimant,
1376 1068 1418 1136 de
1445 1093 1508 1158 qun

201 1181 227 1227 'n
246 1156 381 1229 adverso
402 1172 562 1248 Augusti,
581 1171 636 1227 cai
655 1190 708 1229 su·
764 1169 821 1230 lite
842 1163 942 1232 nisolta
966 1169 1125 1254 disputavi
1150 1171 1183 1232 in
1203 1170 1309 1232 nnmis
1335 1174 1445 1237 aeneis
1461 1176 1508 1239 Μ.

222 1272 372 1330 imminet
392 1283 518 1330 astrum
548 1270 650 1341 solis,
675 1281 708 1327 et
763 1271 907 1336 Antonii.
950 1273 1091 1333 Rursum
1133 1270 1187 1333 olii
1227 1270 1383 1337 Octaviae
1414 1287 1510 1358 eaput

201 1374 283 1441 vine,
301 1390 512 1447 septennem
529 1371 657 1430 lunula.
763 1371 908 1454 jugatum
927 1393 1000 1435 cum
1018 1374 1182 1456 capitelli.
1202 1374 1335 1436 Antonii
1356 1375 1509 1439 viderunt

201 1480 218 1535 l.
249 1472 351 1535 DlVl.
379 1471 481 1536 AVG.
507 1472 545 1535 F.
571 1469 707 1536 AVGV·
764 1473 797 1534 in
817 1496 916 1537 numo
939 1475 1077 1558 Sinopes
1095 1474 1356 1559 Paphlagoniae,
1378 1473 1437 1538 sed
1450 1497 1510 1540 eos

220 1573 291 1638 Vll.
310 1574 348 1636 P.
369 1574 413 1636 M.
458 1575 562 1651 Capiat
583 1573 706 1635 Tiberii
763 1574 863 1638 fnisse
894 1572 1074 1661 deceptos.
1101 1575 1321 1642 demonstravi
1348 1578 1381 1640 in
1403 1579 1509 1642 numis

210 1695 294 1737 max.
309 1674 395 1736 mod.
414 1676 513 1755 (Mus.
534 1676 642 1736 Caesi
764 1675 834 1758 ejus
853 1675 1015 1738 coloniae.
1447 1762 1450 1766 .

204 1775 306 1838 inciae
345 1797 460 1836 numus
500 1776 554 1837 hie
582 1775 705 1837 natales
826 1777 934 1841 Alium
973 1776 1069 1840 etiam
1099 1777 1262 1860 Corcyrae
1300 1780 1511 1862 protulerunt

217 1877 389 1941 incertum.
423 1877 563 1944 Videtur
581 1898 621 1939 eo
640 1875 703 1939 fine
761 1877 900 1953 eruditi,
934 1876 968 1938 in
997 1898 1060 1960 qno
1088 1892 1280 1961 comparent
1309 1879 1443 1954 Antonii
1472 1894 1506 1944 et

201 2001 322 2055 inmas,
352 1994 387 2041 nt
405 1979 624 2061 intelligatur,
651 1978 706 2038 Ti·
762 1978 918 2042 Octaviae
953 1981 1056 2062 eapite
1088 1980 1196 2063 jugata
1220 1975 1346 2063 adjecta
1373 1982 1508 2065 insopor
1595 1984 1599 1992 “

201 2083 313 2165 ,agusti
344 2081 517 2156 familiam,
548 2082 581 2142 in
610 2101 703 2164 quam
737 2081 929 2165 *utriusque
953 2080 1151 2164 epigraphe,
1182 2081 1242 2144 sed
1267 2083 1350 2145 hano
1377 2083 1508 2146 alaisa·

205 2197 272 2244 tum
297 2183 374 2258 luit,
409 2185 507 2266 pleno
532 2184 603 2265 jure
632 2205 706 2265 pen·
761 2182 907 2246 rioscite
930 2183 1221 2267 luisseintrnsam‚
1245 2183 1362 2245 disiin
1377 2198 1506 2249 monete

201 2284 274 2346 olari
295 2285 387 2365 hujus
405 2285 526 2347 cimelii
544 2285 606 2364 jam
624 2283 701 2345 olim
760 2285 854 2370 hujus
873 2285 1010 2350 insulae.
1123 2310 1125 2313 ·

202 2386 305 2448 ichins
323 2389 361 2465 ¹).
824 2388 957 2450 Certum
974 2386 1075 2470 igitur
1091 2384 1231 2451 illustris
1247 2388 1343 2473 hujus
1361 2388 1503 2454 feminae

217 2536 236 2573 4
321 2489 341 2525 ⁴·
427 2536 445 2572 ,
760 2502 856 2571 eaput
888 2488 1044 2552 habemus
1078 2489 1112 2550 in
1148 2510 1248 2553 numo
1278 2490 1377 2555 nnioo
1405 2491 1508 2553 mnsei

201 2591 297 2654 asiae
313 2612 330 2651 a
346 2589 455 2652 multis
473 2587 619 2652 ereditur
635 2589 703 2652 sisti
760 2589 931 2668 Caesarei,
954 2611 1052 2676 quem
1066 2580 1213 2658 recitasi.

514 2875 521 2883 ⁶
555 2914 916 2980 ameventes.

201 3085 425 3147 nsldascellus
445 3097 538 3146 natus
556 3097 647 3166 patre
666 3085 701 3147 C.
760 3081 971 3167 pontificatu,
1001 3093 1037 3145 et
1064 3079 1248 3157 aedilitate,
1278 3080 1416 3167 aliisque
1448 3081 1508 3165 lto·

201 3187 301 3260 aelio.
342 3201 374 3248 et
399 3187 534 3249 Octavia
563 3186 702 3269 Augusti
760 3185 896 3248 nonibns
952 3181 1219 3249 extraordinariis
1269 3197 1442 3248 ornaretur
1463 3185 1543 3267 0)„

207 3289 431 3352 verisimiliter
472 3289 558 3350 cirea
589 3310 706 3350 annum
766 3308 878 3351 verum
899 3307 975 3371 spes
993 3306 1107 3350 omnes
1134 3305 1224 3347 mors
1243 3299 1448 3369 praematura
1463 3284 1513 3347 in·

214 3412 286 3453 nam
316 3392 376 3452 init
412 3392 525 3452 senior
556 3389 706 3466 Tiberio,
765 3387 844 3466 cidit
867 3390 908 3457 V.
930 3390 968 3454 C.
996 3387 1055 3464 731
1090 3388 1250 3470 suspectis
1272 3387 1315 3452 de
1337 3408 1376 3452 ea
1397 3385 1510 3450 Liviae

201 3511 230 3558 a.
257 3495 301 3557 Vt
312 3515 372 3575 pax
385 3492 471 3554 intes·
482 3491 705 3567 Octavianum,
764 3492 910 3556 consiliis
929 3488 1066 3554 Tiberio
1084 3508 1144 3551 sno
1160 3488 1303 3553 intentae
1326 3485 1370 3572 d),
1412 3489 1510 3552 Prae·

201 3595 307 3679 pejum
338 3593 541 3669 firmaretur,
569 3595 600 3655 ei
624 3614 708 3656 anno
765 3594 874 3658 clarae
913 3593 984 3674 ejus
1012 3588 1139 3675 juvenis
1171 3586 1291 3650 indolis
1330 3607 1512 3674 praecones

201 3717 311 3779 sponsa
327 3711 375 3758 est
390 3698 545 3779 Pompeja
563 3695 708 3778 ejusdem
766 3694 952 3780 locupletes
980 3691 1075 3755 inere
1104 3689 1232 3754 Seneos
1255 3691 1303 3773 0),
1342 3704 1377 3755 et
1403 3687 1513 3774 Virgi-

221 3797 264 3877 l’).
303 3799 371 3860 Res
389 3813 494 3860 tamen
520 3811 639 3860 eventu
661 3816 711 3860 ca·
767 3798 831 3862 lios
853 3795 891 3878 ¹).

214 3919 277 3982 729
309 3898 400 3961 duxit
431 3900 543 3962 luliam
572 3897 710 3981 Augusti
879 3887 888 3906 ⁹

201 4024 237 4064 nn
254 4001 339 4066 hand
361 4000 477 4064 dubios
498 4013 586 4063 esset
605 4000 710 4085 patrui

201 4125 379 4180 successor,
416 4104 444 4165 is
471 4104 613 4165 honores
641 4102 710 4185 ejus

201 4206 239 4272 ιίο
260 4219 295 4270 nt
319 4203 494 4268 admodum
519 4203 710 4268 adolescens
930 4204 1038 4284 Caput
1045 4202 1192 4281 juvenile
1206 4202 1339 4264 nudum.

908 4031 1012 4098 Numi
1022 4035 1129 4116 spurii
1144 4044 1203 4096 out
1217 4035 1371 4115 mapeots'.

201 4567 203 4580 .
220 4523 251 4580 in
265 4542 345 4580 nnm.
359 4521 426 4579 urb.
442 4541 472 4599 p.
485 4535 537 4585 123
554 4522 624 4577 edit.
640 4518 719 4578 Flos.
792 4520 829 4592 b)
848 4519 907 4579 Dio
919 4517 952 4576 L.
961 4515 1090 4577 XLVlll.
1108 4518 1132 4589 i.
1143 4526 1188 4582 ss.
1208 4516 1335 4591 Appian.
1347 4515 1380 4572 ll.
1391 4514 1466 4574 GL.
1476 4514 1511 4572 V.

200 4615 261 4671 seio
277 4618 354 4672 Ann.
370 4615 402 4670 L.
414 4614 437 4673 l.
454 4626 514 4676 as.
534 4612 591 4668 Dio
606 4613 638 4669 L.
649 4610 724 4671 Llll.
742 4613 767 4682 ὑ.
778 4622 825 4674 25.
897 4610 933 4683 d)
953 4607 1009 4666 Dio
1023 4605 1141 4668 lalalll·
1158 4606 1246 4679 ΜΟ,
1263 4617 1307 4669 35.
1382 4609 1413 4679 e)
1434 4607 1511 4663 Con·

201 4717 298 4767 sac-2.
373 4701 688 4776 Osienlllsubfin.

1176 4803 1207 4863 X
