4012 5370
227 496 275 561 ιο
839 473 890 544 Μ.
922 466 1170 578 uavrvs

288 644 329 711 Ω
351 651 473 730 carpus
495 642 600 728 ἅρπη,
623 649 719 732 >soem
738 643 782 725 ις’
799 639 887 721 ἦσθ’.
907 639 976 728 tou

798 740 835 808 ds
855 761 892 807 σι

290 851 388 930 Ως’
372 874 463 939 serpes
489 848 609 937 iosos».
636 863 675 908 oo
700 839 775 910 δ”
755 870 795 930 ue
794 842 976 922 ’ἔδουλιυις

800 970 892 1034 τυχη.

290 1058 352 1122 At
378 1058 499 1120 misero
527 1056 653 1131 virtus,
692 1052 826 1116 uerbum
863 1068 976 1131 nempe

568 1175 659 1230 eras,
682 1172 743 1234 ego
762 1173 838 1214 vero
860 1163 892 1238 tc

294 1258 463 1337 Tanquam
478 1274 546 1329 rem
562 1254 725 1316 colebam
713 1297 726 1333 ,
745 1264 784 1314 ut
801 1264 838 1314 tu
858 1255 977 1316 servie-

568 1355 630 1416 bas
641 1354 818 1439 fortunae.

224 1459 276 1522 Ex
292 1477 358 1543 quo
372 1457 512 1521 maxime
529 1455 649 1539 patuit,
668 1476 742 1520 cum
758 1454 912 1520 virtutem
926 1473 977 1516 sc·

225 1575 399 1646 queretur,
416 1560 571 1625 virtutem
585 1557 689 1643 ipsam
705 1557 866 1621 omisisse.
888 1555 975 1626 Vide

224 1663 423 1748 Appianum,
441 1663 595 1739 Florum,
616 1661 778 1747 Dionem,
791 1680 828 1724 ac
847 1657 976 1744 praeci·

223 1785 289 1848 pue
306 1763 519 1878 Plutarchum
537 1765 570 1826 in
588 1763 661 1847 ejus
679 1758 766 1832 vita.

530 1947 675 2012 Numi:

366 2068 556 2138 BRVTVS.
592 2068 700 2151 Caput
724 2067 765 2130 L.
789 2067 893 2130 Bruti
917 2088 976 2130 rtu-

367 2165 446 2232 dum
464 2171 650 2232 barbatum.

225 2271 389 2336 Anaua
415 2272 523 2354 Caput
542 2270 679 2348 Servilii
696 2270 833 2333 Aloloe
850 2271 976 2332 nudum

224 2377 410 2440 barbatum.
436 2372 509 2437 AV.
525 2371 595 2436 AR.
615 2373 714 2454 (Mus.
733 2370 842 2454 Caes.)

269 2491 286 2572 ’ς
368 2471 974 2543 stBRVTVssuecosTaLEc.

325 2632 328 2638 .
373 2578 481 2661 Caput
503 2578 554 2638 M.
571 2577 675 2637 Bruti
695 2578 840 2638 modeste
861 2576 977 2638 borlo·

367 2692 438 2742 tum
455 2683 546 2742 intro
564 2698 719 2740 eoronam
736 2697 905 2758 quorsom.

224 2783 265 2846 L.
295 2782 483 2850 BRVTVS.
512 2782 632 2845 PRlM.
661 2779 757 2845 COS.
798 2781 905 2863 Caput
931 2777 971 2840 L.

224 2884 329 2947 Bruti
349 2886 474 2946 nudum
498 2884 672 2946 barbatum
700 2887 792 2945 iutra
817 2901 974 2946 coronam

225 3007 392 3068 queruom.
414 2986 488 3052 AV.
505 2988 603 3064 (Mus.
620 2986 729 3068 Caes.)

365 3089 597 3153 LIBERTAS.
624 3092 731 3168 Caput
752 3071 941 3149 libertatis.

223 3189 413 3257 BRVTVS.
435 3191 588 3251 Consulis
600 3209 775 3270 processus
788 3189 877 3249 iuter
891 3188 975 3250 duos

224 3293 361 3353 lictores
386 3301 566 3372 praeeunte
590 3310 739 3351 accenso.
775 3287 846 3351 AR.
872 3291 972 3370 (llus.

224 3391 337 3475 Caes.)
360 3391 541 3454 Restitutoa
559 3389 656 3453 etiam
674 3412 692 3452 a
712 3388 864 3473 Trajano.

321 3493 453 3574 Aquilo
471 3497 502 3557 tl.
518 3514 615 3555 crure
630 3494 781 3555 lauream
796 3494 979 3573 stringens:

224 3589 413 3660 ΚΟΣΩΝ.
443 3595 569 3659 consul
584 3598 763 3678 procedens
785 3597 873 3656 inter
893 3595 977 3655 duos

212 3697 378 3776 ¹lictores,
414 3701 451 3760 iu
482 3698 718 3761 nonnullorum
750 3716 829 3758 oreo
860 3715 972 3756 mono·

220 3819 376 3882 gramma
397 3818 441 3862 ee
463 3800 663 3876 litteriser
682 3798 872 3884 conflatum.
898 3794 971 3866 AV.

224 3904 295 3967 AR.
314 3904 413 3985 (Mos.
427 3902 541 3981 Caes.)

287 4005 391 4068 Multa
415 4004 457 4067 ad
478 4001 670 4088 praeclaros
693 4000 753 4065 hos
775 4024 892 4068 numos
915 4003 973 4067 oh·

224 4105 400 4185 servanda,
423 4120 458 4170 et
478 4105 578 4188 digno
602 4124 722 4188 operae
745 4107 865 4189 pretio.
893 4105 972 4169 Om-

222 4231 283 4275 nes
300 4223 355 4275 aut
372 4222 470 4293 caput
489 4208 610 4273 vetusti
626 4206 715 4270 illius
731 4207 770 4272 L.
785 4208 868 4270 Iunii
890 4211 972 4271 Bru·

223 4313 268 4390 ti,
289 4312 345 4397 qui
361 4333 460 4397 reges
478 4310 561 4375 urbe
580 4311 708 4395 exegit,
730 4310 919 4395 primusque
939 4311 972 4372 iu

224 4415 329 4480 libera
362 4416 491 4482 civitate
529 4413 646 4478 consul
679 4413 759 4492 fuit,
794 4427 849 4477 aut
879 4435 973 4498 argu·

225 4567 290 4582 .—

264 4662 294 4730 ι)
313 4653 346 4709 1..
360 4653 398 4712 V.
410 4673 442 4728 p.
458 4673 496 4714 m.
512 4667 575 4727 292.
657 4655 692 4726 b)
712 4653 744 4709 I..
758 4651 858 4712 XLIV.
874 4673 900 4710 c.
923 4664 965 4714 rt.

226 4753 256 4822 e)
277 4744 407 4822 Philipp.
424 4744 461 4801 ll.
476 4763 501 4800 c.
520 4759 563 4804 ιι.

1032 651 1179 703 mentum
1201 635 1362 714 offerunt,
1391 634 1480 721 qood
1508 635 1550 699 ad
1577 657 1653 701 eum
1683 633 1784 721 perti·

1032 740 1120 807 neat.
1158 742 1233 804 lora
1259 739 1323 802 hoo
1352 739 1428 802 loco
1457 737 1644 824 quaeritur,
1674 751 1784 803 utrum

1033 869 1053 908 a
1071 857 1188 910 vetere
1209 842 1270 904 illo
1288 841 1329 907 1..
1344 841 1449 905 Bruto
1467 854 1583 906 noster
1598 844 1646 906 M.
1663 840 1786 904 Brutus

1033 968 1138 1031 genus
1167 944 1309 1008 duxerit.
1344 942 1478 1007 Erant?
1468 956 1556 1016 mter
1576 943 1669 1027 ipsos
1692 956 1784 1008 vete·
1823 968 1827 974 ·

1032 1070 1107 1127 rea,
1137 1047 1192 1134 qui
1221 1044 1448 1123 adiuuarent,
1479 1059 1514 1110 et
1536 1044 1592 1131 qui
1612 1054 1787 1128 negarent.

1032 1153 1124 1214 Inter
1151 1153 1211 1213 hos
1240 1149 1394 1233 princeps
1422 1146 1598 1230 Dionysius
1625 1146 1735 1211 Halic.
1756 1147 1786 1227 ¹)

1031 1265 1168 1315 testatus
1192 1251 1415 1314 nobilissimos
1443 1270 1556 1313 rerum
1579 1251 1678 1316 Rom.
1707 1247 1788 1313 scri·

1032 1367 1147 1439 ptores
1175 1366 1275 1436 negat
1298 1352 1382 1415 ullos
1404 1332 1508 1413 Lucio
1538 1352 1676 1416 relictos
1704 1349 1786 1414 libe·

1034 1477 1091 1518 ros
1109 1476 1168 1518 sou
1185 1476 1307 1530 mares,
1326 1475 1386 1517 seu
1401 1452 1557 1531 seminas,
1577 1454 1682 1516 caesis
1697 1472 1787 1518 netu·

1033 1579 1077 1643 pe
1107 1557 1245 1641 abipso
1273 1571 1367 1641 patre
1395 1553 1532 1640 geminis
1558 1553 1656 1632 filiis,
1697 1551 1785 1640 quod
1855 1541 1857 1544 Α

1035 1681 1109 1724 cum
1139 1659 1324 1744 Tarquiniis
1355 1658 1566 1722 colluserunt.
1605 1654 1712 1719 Addit
1737 1675 1785 1720 ιιι·

1036 1774 1245 1847 gumeutum,
1283 1760 1354 1838 cui,
1390 1772 1427 1822 ut
1457 1771 1566 1843 putat,
1604 1755 1788 1822 contradici

1034 1877 1194 1950 nequeat,
1216 1858 1355 1926 Lucium
1375 1860 1475 1925 inisse
1495 1860 1629 1946 generis
1646 1859 1786 1945 patricii,

1034 1980 1066 2031 at
1085 1966 1213 2042 Iunios,
1240 1976 1274 2028 et
1286 1966 1426 2040 Brutos,
1454 1963 1509 2048 qui
1531 1984 1567 2026 se
1590 1961 1631 2026 ab
1650 1983 1693 2026 eo
1710 1981 1787 2047 pro·

1033 2068 1140 2132 factos
1160 2066 1358 2151 gloriantur,
1375 2084 1488 2130 omues
1504 2063 1606 2128 scisse
1623 2062 1787 2148 plebeios,

1034 2185 1069 2236 et
1093 2169 1235 2234 obivisse
1257 2166 1465 2252 plebeiorum
1488 2167 1708 2252 magistratus.
1736 2165 1787 2227 Si·

1034 2275 1124 2336 milia
1149 2270 1318 2357 praedicat
1344 2269 1409 2350 Dio
1436 2270 1523 2333 forte
1557 2289 1599 2333 ex
1623 2267 1785 2350 Dionysio

1033 2377 1148 2439 hausta
1166 2373 1221 2456 b),
1248 2371 1421 2457 additque,
1450 2394 1468 2435 a
1495 2369 1606 2433 multis
1629 2368 1672 2432 do
1693 2366 1788 2432 iudu-

1034 2477 1113 2541 stria
1134 2476 1168 2537 iu
1190 2474 1306 2560 vulgus
1328 2496 1493 2562 sparsum,
1516 2477 1666 2537 Murcum
1683 2493 1702 2534 a
1720 2471 1788 2534 Lu·

1034 2580 1087 2643 cio
1104 2571 1328 2656 descendere,
1350 2590 1386 2640 ot
1402 2575 1633 2640 recordatione
1651 2573 1786 2660 generis

1018 2681 1076 2745 'ad
1098 2679 1314 2745 evertendum
1336 2700 1467 2764 quoque
1485 2679 1661 2742 Caesarem
1677 2690 1786 2760 tyran·

1032 2804 1110 2845 uum
1130 2783 1340 2847 excitaretur.
1373 2780 1424 2843 Ab
1447 2780 1497 2843 his
1519 2778 1641 2846 diversi
1664 2777 1785 2844 abeunt

1032 2883 1099 2951 alii.
1135 2884 1268 2948 Etenim
1294 2882 1488 2948 Plutarchus
1513 2882 1673 2948 advocato
1700 2895 1782 2946 teste
1810 2955 1815 2962 ,

1031 2986 1211 3051 Posidonio
1242 2987 1325 3050 duos
1353 2985 1485 3072 quidem
1512 2984 1598 3047 lilios
1621 2983 1673 3064 ,ait
1696 3007 1716 3048 ι
1742 2985 1782 3049 lu

1031 3091 1136 3154 Bruto
1150 3090 1259 3154 securi
1275 3110 1459 3175 percussos,
1474 3086 1533 3150 sed
1546 3087 1704 3151 relictum
1718 3099 1782 3150 tar·

1031 3192 1114 3255 tium
1136 3193 1241 3257 adhuc
1262 3193 1438 3270 infantem,
1460 3189 1516 3275 qui
1538 3209 1643 3272 genua
1664 3170 1781 3274 propa·

1032 3295 1130 3380 gavit.
1167 3297 1352 3360 Nonnullos
1371 3293 1469 3359 otiam
1494 3314 1630 3372 eorum,
1662 3293 1782 3378 quiex

1032 3410 1132 3481 geute
1146 3398 1235 3460 lunia
1249 3395 1398 3474 luerunt,
1415 3393 1535 3459 eodem
1550 3409 1636 3462 teste
1650 3413 1783 3480 reprae-

1034 3512 1178 3562 sentasse
1195 3498 1278 3563 facio
1291 3499 1384 3562 Bruti
1402 3513 1538 3562 statuum
1554 3501 1595 3581 ο).
1615 3499 1662 3561 At
1677 3498 1781 3561 multo

1034 3600 1098 3664 hoc
1119 3600 1251 3686 gravior
1267 3601 1385 3666 Cicero
1408 3602 1503 3690 testis
1521 3601 1568 3665 sic
1592 3600 1628 3662 in
1653 3614 1802 3685 patrum·

1033 3718 1146 3767 senatu
1162 3703 1291 3768 locutus
1306 3717 1358 3767 est
1371 3705 1420 3786 d):
1439 3705 1556 3768 Fuerit
1568 3703 1631 3767 itte
1646 3705 1686 3767 1..
1696 3703 1781 3767 Bru·

1033 3818 1105 3883 tus,
1125 3809 1184 3888 oui
1200 3819 1232 3870 et
1248 3808 1319 3889 ipse
1333 3809 1422 3888 regis
1435 3806 1610 3869 dominatu
1624 3826 1726 3889 remp.
1742 3806 1782 3869 lt'·

1031 3910 1178 3987 berooit,
1201 3920 1236 3970 et
1256 3909 1300 3968 cd
1319 3908 1462 3969 simt'lem
1481 3909 1655 3984 uirtutem,
1683 3920 1719 3970 et
1738 3908 1783 3970 si·

1030 4011 1253 4092 milesactum
1271 4010 1407 4091 stirpem
1422 4011 1458 4070 iu
1470 4028 1573 4091 prope
1587 4013 1782 4091 quingente

1029 4113 1149 4174 simum
1174 4132 1299 4175 aunum
1319 4111 1532 4192 propagavit.
1563 4110 1782 4176 Loculeutius

1030 4212 1108 4278 alibi
1126 4212 1167 4276 de
1184 4213 1339 4289 Decimo,
1360 4224 1394 4274 et
1409 4212 1522 4273 Marco
1540 4213 1653 4275 Brutis
1670 4212 1783 4298 conju·

1029 4315 1165 4402 rationis
1183 4313 1370 4379 auctoribus
1385 4334 1487 4397 agens
1503 4316 1551 4396 θ)ι
1575 4315 1701 4378 Brutos
1719 4334 1782 4398 ego
1846 4323 1852 4330 ’

1029 4420 1246 4502 impellerem,
1283 4438 1421 4498 quorum
1447 4429 1586 4498 uterque
1612 4417 1654 4481 L.
1678 4417 1784 4481 Bruti

1049 4655 1080 4727 c)
1099 4653 1131 4712 iu
1144 4653 1234 4712 Bruto
1251 4651 1385 4712 subluit.
1470 4653 1505 4728 d)
1523 4651 1656 4730 Philipp.
1669 4656 1694 4713 1.
1711 4673 1737 4712 o·
1752 4656 1780 4719 6.
