4012 5370
227 447 295 516 aro
556 400 569 418 ⁸
846 418 1177 497 steteris.

223 614 352 665 notatus
381 593 578 661 credebatur
607 585 647 655 Γ.
674 592 801 669 Καισαρ
826 586 970 667 Σεβαςσς
1026 590 1153 668 numia,
1184 587 1305 673 partim
1333 596 1464 659 temere
1489 584 1592 651 luisse
1622 583 1770 649 muita»

223 698 271 780 sd,
303 703 337 766 C.
365 700 489 763 Caesar
512 697 692 776 Augustus
716 694 815 759 XIV.
841 691 967 756 idest:
1027 706 1107 756 tum.
1150 691 1269 760 Videri
1300 702 1430 774 posset,
1466 688 1565 773 hujus
1594 686 1771 753 iterationis

222 802 350 868 consul.
377 804 421 861 At
439 808 644 880 compertum
662 794 800 858 subinde
818 809 885 871 est,
907 816 970 879 pro
1027 794 1162 857 modum
1193 815 1235 857 ex
1266 793 1478 857 uictoriarum
1506 812 1649 855 numero
1678 810 1769 875 posse

221 908 285 969 hoc
306 900 497 986 legendum:
530 894 570 963 Γ.
590 898 719 977 Καισαρ
739 891 867 971 Scissa
891 896 970 973 icor,
1028 896 1162 979 eolligi.-
1193 898 1238 957 At
1262 896 1393 959 l'rustra.
1427 894 1511 957 Nam
1538 894 1684 977 primum
1709 912 1769 957 uon

224 1010 260 1070 Ο.
286 1008 411 1067 Caesar
428 1004 582 1083 Augusti
607 999 669 1075 F..
701 999 856 1061 nimirum
883 1000 969 1060 lilius
1029 1016 1143 1059 omnes
1172 996 1267 1060 uobis
1293 995 1449 1061 victorias
1472 994 1599 1079 scripto
1624 992 1770 1079 pmdida·

221 1105 376 1170 naturalis
402 1106 447 1165 Μ.
464 1101 651 1184 Agrippae,
688 1099 744 1184 qui
770 1101 831 1163 fuit
860 1114 970 1164 certus
1027 1120 1066 1163 re
1090 1098 1256 1175 historici,
1282 1098 1371 1183 quod
1394 1096 1520 1183 patebit
1540 1114 1584 1159 ex
1605 1096 1667 1174 iis,
1693 1116 1768 1181 qm

220 1210 292 1291 ojus
308 1207 383 1270 anni
401 1205 528 1269 consul.
546 1202 633 1271 Vide
650 1202 735 1264 hauc
753 1200 845 1264 litem
860 1202 970 1285 eopio-
1026 1199 1113 1263 inira
1141 1200 1183 1264 asi
1209 1199 1419 1285 Imperatoris
1440 1200 1529 1263 xxt.
1556 1198 1692 1263 titulum
1718 1218 1767 1263 tto·

221 1332 258 1373 so
289 1310 499 1390 disputatum,
530 1303 590 1365 scd
615 1316 649 1365 et
673 1303 857 1366 consectam
884 1305 970 1387 apud
1026 1303 1115 1367 tabo.
1154 1302 1286 1375 Deinde
1307 1300 1403 1364 fuere
1422 1300 1585 1365 victoriae
1615 1300 1763 1387 quaedam

219 1411 358 1493 Pagiurn
380 1411 421 1489 Ι).
451 1405 602 1468 Eundem
629 1425 779 1467 errorem
799 1408 971 1469 resuscita·
1026 1404 1188 1487 insignes,
1219 1402 1261 1465 ob
1287 1424 1365 1486 quas
1391 1416 1519 1467 certum
1543 1402 1686 1480 est,.ah
1708 1404 1766 1467 to

221 1512 269 1577 rit
290 1509 464 1574 Morellius
488 1505 727 1590 promulgando
750 1527 883 1569 numum
904 1509 971 1570 ltu·
1027 1521 1124 1591 gusto
1144 1504 1230 1568 hunc
1249 1504 1380 1567 titulum
1396 1524 1465 1568 nou
1485 1504 1591 1569 fuisse
1609 1506 1766 1571 iteratum.

222 1610 311 1696 gusti
327 1610 566 1672 Antiochenam
586 1630 661 1669 oum
677 1608 834 1692 inscripto
856 1630 972 1672 consu·
1029 1612 1076 1671 lta
1103 1619 1246 1681 coastat,
1276 1607 1382 1669 victos
1402 1607 1445 1674 V.
1467 1606 1505 1671 C.
1525 1608 1593 1693 739
1613 1606 1767 1684 Rhaetos,

221 1712 412 1786 latultlv„
439 1710 515 1794 quin
538 1724 571 1772 et
592 1710 781 1773 aliumcum
801 1712 971 1773 consulatu
1022 1725 1064 1774 et
1102 1729 1187 1773 anno
1226 1722 1384 1792 sequente
1421 1710 1655 1792 Bosporanos,
1698 1709 1767 1795 qui·

221 1814 311 1889 ΧΥ..
338 1813 398 1875 scd
420 1835 498 1896 quas
521 1813 662 1874 maculas
687 1813 751 1894 jam
776 1812 915 1874 abstersi
937 1813 971 1872 in
1023 1826 1207 1895 propterea
1234 1810 1346 1873 titulus
1372 1822 1561 1894 augeretur.
1596 1810 1651 1873 Ex
1676 1811 1767 1877 victe·

220 1915 464 1978 commentariis
485 1914 524 1976 ad
539 1935 662 1976 numos
683 1914 876 1978 Antiochiae
893 1913 970 1983 Vol.
1028 1914 1077 1977 ria
1099 1913 1169 1995 Caji
1190 1913 1337 1975 Caesaris
1361 1909 1402 1976 de
1423 1910 1591 1975 Armeniis
1612 1911 1701 1977 eirca
1719 1932 1769 1977 at

221 2020 277 2080 tlt.
296 2038 327 2099 p.
343 2017 415 2095 ²73·
435 2036 503 2098 seq.
1027 2037 1106 2077 num
1120 2016 1162 2083 V.
1173 2014 1209 2077 C.
1224 2013 1288 2095 756
1302 2013 1367 2077 etsi
1380 2016 1530 2093 devictis,
1548 2026 1611 2075 out
1627 2010 1768 2099 inficient

637 2168 640 2173 .
1028 2121 1169 2198 receptis
1187 2117 1451 2178 bellicosissimis
1465 2118 1684 2179 uemuximis
1696 2134 1770 2199 gett-

463 2200 488 2260 Ῑ
491 2220 551 2283 mp
560 2224 578 2261 θ
587 2221 603 2257 r
614 2222 635 2261 ⁰
644 2210 729 2275 W·-
1028 2222 1136 2295 tibus,
1164 2229 1200 2279 ut
1228 2216 1459 2301 cenotaphium
1486 2215 1645 2279 Pisanum
1670 2213 1771 2301 loqui·

285 2320 468 2401 Augustum
484 2317 579 2379 titulo
597 2318 804 2401 imperatoris
818 2331 970 2403 tanquam
1026 2334 1099 2396 tur,
1131 2338 1252 2383 novum
1280 2318 1382 2382 decus
1411 2338 1479 2381 uon
1506 2314 1666 2383 additum.
1706 2318 1770 2381 Dn-

222 2419 452 2503 praenomine,
471 2440 612 2504 seuque
632 2422 812 2505 imperium·
824 2420 914 2482 orbis
929 2420 970 2481 si·
1027 2419 1147 2483 hitatur
1169 2419 1268 2483 ctiam
1287 2417 1361 2504 jure
1383 2419 1425 2482 de
1446 2420 1592 2486 victoriis
1611 2418 1771 2485 Cantabri·

217 2521 457 2607 ‚gnificahatur,
479 2520 555 2583 inde
575 2522 614 2583 ab
634 2542 719 2595 anno
735 2523 828 2595 Ἠ).
844 2526 907 2603 725
926 2542 969 2585 ex
1025 2521 1090 2598 cis,
1120 2522 1201 2584 licet
1228 2542 1284 2585 eas
1313 2540 1374 2585 suc
1403 2520 1503 2587 dictu
1530 2522 1649 2587 retulit
1672 2522 1715 2591 V.
1733 2520 1770 2589 0·
1800 2594 1803 2599 ,

223 2626 257 2686 S.
275 2625 328 2700 C.,
355 2624 432 2707 quin
454 2624 517 2705 jam
540 2638 613 2686 ante
636 2625 700 2687 hoc
721 2637 849 2706 tempus
867 2623 968 2686 luisse
1024 2641 1102 2707 729.
1137 2620 1424 2700 Contrasceidit,
1454 2636 1491 2687 ut
1517 2622 1649 2688 tit-ulum
1679 2622 1770 2687 itera·

223 2748 327 2802 usum,
344 2725 482 2787 diximus
496 2748 592 2809 supra
608 2747 681 2811 pag.
693 2726 744 2789 83.
767 2728 881 2788 Restat
894 2746 970 2787 con·
1024 2739 1079 2787 rct
1102 2726 1200 2789 etiam
1223 2746 1266 2790 ex
1291 2745 1387 2788 causa
1404 2724 1545 2792 leviore.
1570 2725 1770 2791 Refert-Dio

221 2829 383 2917 troversia
408 2828 449 2890 dc
474 2830 592 2891 eodem
616 2831 728 2919 titplo,
763 2827 822 2917 sed
847 2829 969 2914 quiex
1025 2826 1066 2890 ad
1095 2829 1136 2896 V.
1160 2829 1197 2893 C.
1224 2830 1308 2908 759,
1342 2839 1409 2890 tam
1436 2830 1657 2911 Augustum·
1679 2846 1770 2911 quan

222 2928 369 2993 victoriis
388 2942 497 3011 partus
519 2944 584 3007 est,
606 2931 737 2998 iterato.
1024 2930 1198 2994 'I'iberium
1215 2928 1422 3014 imperatoris
1441 2949 1566 2992 nomeu
1582 2928 1626 2993 de
1641 2926 1771 2993 Gom

285 3033 468 3113 Augustum
491 3053 532 3093 ex
558 3033 702 3095 victoriis
726 3034 812 3095 hunc
837 3030 967 3094 titulum
1025 3029 1076 3092 nis
1105 3030 1291 3114 accepisse,
1328 3030 1474 3117 quamvis
1501 3030 1586 3093 nihil
1615 3050 1771 3095 memore·

223 3133 471 3214 multiplicasse,
488 3146 615 3194 certum
632 3149 739 3196 estex
753 3135 869 3211 nuruis,
887 3156 969 3198 mar·
1025 3132 1093 3196 bile
1117 3152 1159 3196 eo
1180 3132 1272 3197 hello
1294 3146 1422 3218 gestum
1444 3132 1503 3209 sit,
1524 3130 1676 3197 barbaris
1696 3148 1771 3197 ne!

222 3232 386 3307 moribus,
423 3230 598 3295 historicis.
642 3234 782 3325 Quoties
812 3256 888 3298 curn
916 3259 970 3299 au·
1025 3234 1066 3297 ad
1094 3234 1411 3319 paccmpetendam
1439 3235 1624 3301 conversis.
1665 3234 1771 3327 Quo·

222 3332 327 3408 xsrit,
354 3332 478 3395 diserte
501 3335 598 3397 tradit
620 3336 752 3398 Tacitus
773 3334 822 3418 ¹³):
853 3358 969 3399 numen
1024 3357 1153 3421 cunque
1178 3335 1279 3419 igitur
1300 3357 1396 3400 causa
1417 3335 1497 3414 suit,
1523 3356 1587 3401 cur
1608 3336 1770 3423 Augustus

221 3438 435 3516 imperatoris
457 3437 560 3497 seusei
578 3451 677 3516 utque
699 3440 803 3499 vicies
822 3451 967 3519 partum,
1026 3459 1130 3502 noros
1157 3438 1364 3522 imperatoris
1386 3438 1498 3501 titulos
1520 3451 1578 3502 aut
1596 3436 1771 3515 admiserit,

216 3534 310 3620 quod
339 3537 559 3600 testimonium
586 3559 629 3601 ex
653 3539 970 3602 monumentismox
1024 3554 1082 3602 aut
1100 3540 1305 3623 neglexerit,
1327 3539 1414 3602 istud
1434 3552 1584 3618 certum,
1606 3540 1679 3607 sola
1700 3558 1769 3605 esse

220 3636 305 3700 infra
332 3637 488 3702 advorsus
511 3640 676 3702 Norisium
701 3640 894 3714 confirmare
916 3662 970 3703 co·
1026 3655 1251 3718 monumenta,
1272 3662 1355 3727 quae
1373 3641 1540 3707 iustruere
1559 3661 1623 3706 nos
1636 3642 1768 3728 poenitat,

221 3738 340 3817 nabor,
369 3742 428 3824 qni
455 3742 524 3825 ejus
551 3742 723 3806 veritatem
750 3743 783 3804 in
813 3743 969 3825 suspicio·
1019 3744 1144 3828 quibus
1170 3744 1261 3807 annis
1288 3744 1437 3829 singulae
1465 3744 1662 3810 iterationes
1686 3762 1768 3811 eom·

224 3862 299 3903 nem
335 3840 478 3906 adduxit.
522 3846 575 3905 De
611 3843 792 3906 iterationis
828 3866 968 3907 numero
1025 3860 1146 3929 petant.

222 3964 296 4007 cum
314 3956 458 4020 constet,
480 3944 563 4006 certi
580 3958 687 4007 tamen
702 3965 768 4008 non
782 3958 912 4024 sumus,
932 3949 967 4008 in
1086 3947 1271 4033 Repudiato
1297 3946 1399 4034 igitur
1419 3946 1538 4011 ordine
1559 3950 1646 4029 illo,
1675 3956 1764 4035 quen

221 4066 305 4130 quos
330 4066 431 4108 annos
457 4045 578 4129 singuli
601 4047 734 4129 repetiti
756 4047 887 4131 imperii
909 4070 967 4110 nu·
1023 4049 1125 4114 nimio
1147 4050 1298 4114 fallacem
1321 4050 1480 4115 hactenus
1502 4050 1678 4137 antiquarii
1697 4068 1765 4137 pte·

222 4148 308 4210 meri
336 4145 490 4210 incidant.
527 4147 759 4212 Medioharbus
789 4151 830 4213 ad
859 4153 968 4233 singu·
1024 4172 1185 4235 posuere,
1224 4152 1324 4216 alium
1353 4152 1407 4215 hic
1436 4173 1480 4217 ex
1509 4154 1767 4219 testimoninm!

223 4250 273 4312 los
303 4270 403 4312 annos
432 4249 639 4331 imperatoris
666 4272 822 4314 numeros
848 4252 891 4315 ita
919 4254 968 4314 lo·
1024 4268 1175 4317 veterum
1198 4252 1263 4319 fide
1285 4253 1477 4340 proponim'.
1500 4254 1765 4323 ’At-cuneum

114 4429 117 4432 Ι
222 4363 290 4427 eat,
326 4365 361 4413 ut
389 4351 466 4415 satis
495 4366 664 4434 appareat,
701 4353 788 4416 hunc
818 4353 968 4417 ordinem
1020 4357 1106 4421 haec
1128 4379 1194 4421 non
1216 4378 1293 4424 raro
1314 4354 1354 4420 in'
1369 4356 1675 4437 vado-destituant,
1694 4356 1764 4423 emh

222 4452 340 4533 partim
362 4472 403 4516 ex
431 4454 553 4517 Goltaii
578 4455 781 4542 aliorumque
809 4458 966 4541 suspectis
1025 4472 1133 4521 tamen
1157 4480 1198 4522 ex
1220 4459 1281 4527 hac
1304 4461 1534 4547 disquisitione
1555 4460 1699 4526 triana
1716 4458 1765 4523 is·

223 4588 1764 4633 —m———an--a—-q-n

260 4659 290 4723 a)
312 4656 421 4717 Critica
436 4662 540 4724 Baron.
557 4663 596 4720 ad
613 4628 679 4721 nnn-⁸
694 4664 729 4725 V.
746 4664 857 4729 (1.754.
931 4663 967 4737 b)
986 4665 1091 4723 Annsl.
1105 4667 1127 4726 l.
1143 4678 1168 4740 9.
