3998 5340
653 419 1035 498 HADRIANVS.

66 618 136 660 ram
153 594 236 662 lunc
250 594 345 660 deum
356 594 419 659 sibi
432 592 600 658 adversam
621 591 810 678 experiren-

66 712 139 776 tur,
162 700 217 785 qui
234 701 268 762 iu
281 719 412 763 arenam
432 695 680 761 descenderunt·

109 802 191 864 Sunt
216 801 251 862 hi
274 823 365 863 numi
356 801 471 876 ιοΙί,
509 799 576 883 qui
591 818 710 861 anuum
734 819 812 882 epo·

65 904 147 967 chae
169 904 208 967 ab
231 902 312 966 urba
335 901 481 978 condita,
504 900 563 963 toti
585 901 724 984 imperio
746 914 812 965 tan·

65 1020 182 1089 sopore
205 1025 315 1068 sacrae
344 1018 439 1089 utque
470 1004 668 1069 venerabilis
698 1004 811 1066 inscri-

65 1109 163 1183 bunt,
192 1122 310 1191 etqua
335 1128 400 1171 uon
424 1127 499 1169 raro
524 1108 702 1189 scriptores
722 1107 810 1168 Lati·

64 1211 98 1271 ni
113 1210 146 1271 in
171 1210 335 1295 signandis
354 1209 444 1272 cuuis
468 1208 517 1270 usi
541 1223 625 1271 sunt.
671 1208 736 1271 Sed
754 1229 809 1271 ne·

64 1334 128 1397 que
165 1314 198 1374 in
244 1312 458 1376 marmoribus
496 1309 701 1392 frequentior
737 1311 808 1394 ejus

63 1440 150 1483 usus.
174 1416 385 1492 Audrichius,
409 1413 464 1496 qui
479 1414 595 1476 similia
612 1413 749 1496 collegit
770 1417 808 1493 ³),

64 1521 194 1584 unicum
230 1533 352 1581 tantum
382 1535 525 1576 marmor
562 1515 708 1598 reperit,
754 1516 810 1598 qui

65 1624 135 1703 ejus
163 1621 362 1684 mentionem
393 1617 497 1679 saciat.
542 1618 603 1679 Est
639 1613 723 1698 apud
750 1618 810 1678 Fa·

63 1723 206 1784 brettutu
229 1721 280 1802 b):
322 1720 546 1781 EXCESSII'.
576 1719 710 1781 ANNO.
734 1720 809 1784 Vll·

64 1821 810 1887 BIS.00ND1'IAE.Dcccch11.eete-

64 1947 136 1986 rum
166 1946 205 1988 an
227 1925 302 1986 anni
326 1923 414 1986 urbis
441 1924 590 1987 conditae
617 1923 649 1981 in
668 1935 808 2006 utroquo

64 2028 127 2088 hoc
152 2041 361 2090 monumento
388 2027 452 2090 sint
472 2028 505 2088 iu
528 2024 619 2086 aunis
640 2024 808 2100 Varronis,

64 2150 104 2189 au
127 2128 335 2211 Capitolinis,
358 2127 490 2205 aliisve,
512 2147 577 2188 uou
600 2126 714 2210 liquet.

431 2228 451 2263 ὅ

315 2276 332 2313 ἐ
547 2274 567 2311 fl

173 2334 297 2393 Variae
317 2331 550 2411 inscriptiones
564 2331 697 2410 capitis.

62 2435 159 2506 008.
178 2435 233 2497 III.
250 2433 364 2492 addito
379 2435 415 2493 in
434 2433 514 2494 aliis
530 2432 567 2496 P.
576 2431 613 2491 P.
630 2434 737 2504 variis
758 2440 808 2513 ty·

57 2541 113 2618 pis
130 2536 272 2596 inomni
288 2536 439 2610 metalla,
461 2545 494 2595 et
502 2533 630 2615 forma.

104 2637 193 2697 Nihil
220 2637 253 2697 in
275 2634 432 2697 Hadriani
458 2633 563 2697 numis
586 2633 647 2696 hac
672 2652 806 2695 aversae

1544 432 1616 526 sos

869 606 964 678 typus
984 596 1073 662 obvii
1089 612 1163 663 suut
1181 599 1214 662 in
1230 605 1337 666 uumis
1358 603 1516 686 Neronis,
1548 630 1615 703 quo

868 696 944 760 loco
962 699 1222 779 animadverti,
1212 702 1252 765 sis
1267 705 1403 768 indicati
1419 709 1589 772 Neronis
1579 734 1627 773 tu>

869 790 1041 864 cunenses
1080 803 1232 868 studium.
1286 807 1369 870 Satis
1401 824 1615 893 compertum,

868 899 909 963 ab
932 902 983 964 his
998 903 1199 968 Hadrianum
1214 921 1360 970 nostrum
1383 909 1524 973 alienum
1547 935 1616 976 uon

867 1002 987 1084 luisse,
1017 1021 1089 1070 utut
1115 1010 1318 1072 moderatum
1335 1013 1384 1092 c)‚
1411 1013 1614 1096 quodetiam

867 1119 935 1169 turn
959 1108 1078 1192 patuit,
1110 1111 1237 1196 quaudo
1260 1112 1488 1176 decursionem
1514 1136 1614 1199 equo·

866 1222 967 1274 strom
985 1207 1106 1293 (broprs
1127 1216 1240 1296 lunser)
1253 1215 1402 1291 Nomen,
1425 1229 1459 1277 ct
1472 1216 1613 1280 Istlrmiis

866 1311 951 1375 ludis
975 1313 1351 1400 intermissam‘Argivis
1373 1317 1539 1394 restituit,
1578 1333 1612 1382 ut

866 1430 976 1479 namat
992 1415 1164 1479 Pausanias
1181 1416 1223 1498 d).

1012 1519 1176 1581 VeliaH.

865 1618 1124 1683 DISCIPLINA.
1143 1618 1244 1685 AVG.
1267 1621 1452 1703 Imperator
1468 1623 1613 1685 adducta

866 1728 967 1782 manu
980 1734 1067 1782 veste
1077 1723 1278 1802 praecedens
1286 1724 1497 1808 sequentibus
1507 1724 1614 1805 plurib

866 1823 928 1884 bus
936 1823 1100 1885 militibus
1109 1842 1181 1883 cum
1191 1826 1520 1906 signismilitaribus.
1538 1825 1610 1890 AV.

865 1926 935 1984 ΑΕ.
960 1927 985 1987 I.
1011 1926 1111 2005 (Mus.
1134 1923 1243 2004 Caes.)
1282 1928 1318 1985 In
1344 1926 1415 1988 aliis
1440 1926 1611 1989 scribitur:

865 2027 1153 2092 DISCIPVLINA.
1172 2026 1274 2093 AVG.
1292 2027 1422 2111 (Vaill.)

907 2127 1098 2191 Audiendus
1113 2128 1250 2190 adnumi
1258 2129 1352 2213 liujus
1362 2131 1609 2215 intelligentiam

869 2231 1057 2313 Spartianus
1073 2242 1118 2306 e>s
1134 2231 1295 2306 Militem,
1313 2231 1366 2308 ait,
1385 2237 1482 2313 quasi
1492 2235 1614 2296 bellum

867 2335 1071 2407 immineret,
1096 2338 1265 2408 exercuit,
1289 2336 1490 2397 tolerantiae
1517 2337 1616 2397 docu-

866 2436 988 2494 mentis
1011 2453 1084 2494 eum
1106 2436 1257 2496 imbuens
1284 2469 1298 2483 ·
1323 2469 1336 2481 ·
1363 2464 1376 2482 ·
1405 2436 1489 2497 cibis
1510 2420 1614 2497 etiam

865 2535 1088 2597 castrensibus
1102 2538 1138 2597 in
1149 2536 1327 2617 propatula
1348 2537 1490 2599 libenter
1505 2549 1612 2611 utens,

864 2635 926 2695 isac
942 2648 1009 2697 ests
1036 2657 1151 2711 caseo,
1183 2636 1309 2711 larido,
1338 2651 1371 2698 et
1385 2658 1490 2719 posca
1505 2657 1614 2700 caem-

61 2740 275 2822 iuscriptIone
311 2736 408 2802 vilius
447 2735 602 2799 stantibus
638 2754 712 2796 curu
746 2734 807 2795 hac
862 2736 920 2818 plo
939 2736 1145 2808 Aemiliani,
1174 2748 1206 2796 et
1233 2737 1385 2813 Metelli,
1409 2751 1444 2800 et
1465 2742 1614 2800 auctoris

59 2841 166 2903 omnis
186 2840 318 2924 generis
343 2838 444 2922 typis,
477 2837 536 2900 sed
559 2837 614 2922 qui
638 2836 724 2901 obvii
738 2834 808 2918 ple·

46 2952 200 3030 ‹ruuqua
216 2957 290 3007 suut
310 2940 503 3025 argumenti.

427 3042 446 3079 s

207 3149 295 3210 IMP.
327 3145 510 3208 CAESAR.
539 3141 807 3206 HADRIANVS.

164 3249 337 3317 A.VGV
361 3247 456 3311 COS.
488 3248 541 3307 III.
572 3247 608 3309 Ρ.
631 3246 667 3309 Ρ.
701 3246 807 3328 Caput

201 3356 401 3415 laureatum.

61 3455 296 3524 trscvttsm.
323 3455 405 3516 Bini
427 3454 495 3513 viri
519 3452 556 3511 in
578 3451 695 3511 citatis
713 3448 808 3523 equis

60 3562 91 3623 d.
109 3562 240 3620 irastam
254 3544 469 3638 praecedente
486 3554 603 3614 milite.
628 3553 694 3612 ΑΕ.
710 3569 807 3612 ιιι.ιιι.
820 3601 838 3615 ,

60 3665 159 3742 (llus.
200 3662 337 3726 Furnos.
378 3657 477 3725 Vaill.
507 3654 542 3716 iu
576 3655 682 3715 uumis
722 3672 805 3714 max.

60 3765 165 3845 mod.)

865 2838 920 2899 sui
941 2834 1091 2910 Traiani,
1111 2836 1236 2898 multos
1244 2839 1413 2919 praemiis,
1435 2839 1615 2900 nonnullos

865 2939 1046 2999 bonoribus
1070 2941 1217 3013 donans,
1242 2951 1280 3000 ut
1293 2939 1389 3020 sterre
1404 2952 1539 3022 possent
1562 2959 1613 3013 ea,
1643 2952 1647 2961 '

866 3061 950 3120 quae
964 3026 1271 3121 asperiusjubcbnt;
1286 3044 1470 3120 siquidmn'
1456 3061 1524 3121 ipse
1537 3053 1614 3119 post

869 3143 1042 3204 Caesarem
1073 3143 1247 3204 Octauium
1276 3143 1439 3204 labentem
1472 3143 1615 3205 DISCI-

866 3241 978 3307 PLIN
983 3243 1019 3304 A
1022 3243 1083 3304 M
1069 3247 1204 3305 incuria
1213 3246 1416 3327 superiorum
1425 3247 1614 3327 principum

864 3348 1005 3409 retinuit
1033 3376 1047 3394 ·
1075 3378 1088 3394 ·
1115 3379 1129 3394 ·
1160 3347 1310 3428 exemplo
1343 3350 1444 3408 ctiam
1476 3351 1613 3408 virtutis

863 3469 944 3511 suae
961 3459 1087 3510 ceteros
1108 3448 1326 3522 adhortatus,
1350 3450 1545 3509 aumatium
1566 3451 1614 3508 vi·

863 3571 945 3613 cena
962 3550 1073 3611 millia
1087 3550 1232 3631 pedibus
1244 3561 1397 3610 armatas
1415 3549 1612 3622 ambularet,

864 3653 1016 3715 triclinia
1037 3653 1076 3712 sie
1092 3654 1230 3725 castris,
1248 3661 1282 3712 et
1295 3654 1454 3730 porticus,
1470 3663 1504 3712 et
1519 3668 1613 3729 cryp-

865 3769 928 3829 tas,
945 3767 978 3815 et
989 3756 1081 3835 topia
1089 3755 1245 3827 dirueret,
1260 3751 1613 3813 vestemirumillimam

102 3869 177 3932 Huc
205 3877 341 3950 propter
366 3861 453 3925 idem
476 3860 704 3945 argumentum
721 3854 808 3918 rele-
855 3860 1056 3940 frequenter
1075 3857 1256 3935 acciperet,
1272 3855 1345 3914 sine
1363 3871 1446 3913 auro
1465 3853 1614 3913 balteum

60 3970 183 4034 roudus
201 3984 358 4051 sequens:

207 4076 251 4132 Vt
268 4070 375 4144 ital).

61 4178 94 4242 S.
115 4177 152 4242 C.
170 4176 259 4237 idern
280 4191 414 4233 aversee
432 4183 540 4255 typus.
569 4170 640 4231 ΑΕ.
663 4170 688 4233 Ι.
708 4167 808 4246 (Mus.

62 4282 229 4447 ca{ejsudem
261 4395 397 4441 aversae
427 4374 622 4459 epigraphe,
661 4386 695 4435 et
721 4370 809 4434 idem

864 3960 1224 4022 sumansu-delicata
1239 3958 1351 4017 omnia
1358 3956 1510 4032 [undique
1527 3974 1614 4016 sune

866 4072 1018 4135 moveret,
1033 4080 1127 4120 arma
1138 4070 1303 4139 postremo
1316 4076 1445 4131 earum,
1458 4055 1614 4135 supellec·

867 4163 1023 4239 litemque
1038 4163 1218 4237 corrigeret
1232 4172 1294 4222 etc.
1319 4157 1380 4220 His
1400 4177 1541 4220 consona
1560 4177 1612 4218 re·

866 4265 931 4326 lert
964 4263 1061 4326 etiam
1083 4261 1148 4323 Dio
1171 4259 1216 4341 ί),
1243 4258 1298 4343 qui
1322 4273 1356 4322 et
1374 4256 1480 4334 addit,
1511 4259 1554 4320 ita
1573 4256 1613 4319 sb

868 4389 908 4431 eo
926 4367 1044 4430 milites
1061 4385 1174 4428 omues
1194 4363 1373 4439 exercitos,
1390 4375 1422 4423 et
1438 4361 1611 4434 institutos,

76 4497 1620 4545 ,ἐμ-Μ..-

96 4586 128 4654 a)
166 4581 292 4639 Institut.
310 4574 410 4651 Autiq.
429 4593 459 4651 p.
469 4576 513 4645 69.
595 4570 629 4641 b)
647 4570 783 4646 Inscript.
801 4575 885 4644 p.85.

62 4685 124 4747 lr9l.
209 4671 397 4745 e)Cap.10.
472 4663 551 4735 nt.
572 4659 672 4718 LXIX.
693 4661 752 4732 §.9.

961 4562 1063 4634 c)1)i0
1084 4551 1234 4616 mxlii
1256 4561 1278 4631 t.
1292 4571 1333 4618 to.
1408 4554 1444 4626 d)
1465 4554 1496 4610 L.
1516 4552 1566 4611 vt.
1588 4571 1620 4628 p.
1641 4562 1648 4573 ·
