3998 5340
760 435 976 512 auntvs
1012 434 1253 510 crusna.
1487 388 1494 401 ⁸
1703 460 1777 540 ιιι

229 622 323 667 more
345 602 420 668 trib.
442 615 585 686 potestat
602 603 658 674 11..
684 600 775 681 enjna
798 621 970 664 nnmerum
1029 603 1193 685 regendae
1207 600 1393 671 Pannoniae
1410 603 1672 686 praefectuaeat3
1688 627 1779 678 nra„-

228 706 291 768 etai
308 703 465 766 Hadriani
483 704 573 765 numi
595 702 667 767 fere
692 711 878 769 carnanter
893 704 972 768 reti·
1029 715 1080 764 tua
1096 703 1193 766 etiam
1209 701 1326 767 conoul
1340 702 1481 785 primum
1497 703 1531 766 in
1547 727 1664 776 anunm
1678 711 1721 781 V.
1734 714 1775 781 c,

228 819 343 883 ceant,
389 824 454 866 non
477 804 619 869 reticent
649 807 759 868 tamen
787 822 971 880 marmora,
1023 804 1111 885 uto,
1139 817 1176 868 'et
1198 803 1232 873 in
1258 823 1378 873 annum
1405 790 1600 890 sequentem
1624 807 1776 894 ‘donigue-

228 928 266 971 ee
287 906 516 968 multominus
541 926 696 991 praeaena
721 904 970 987 Gruterianum,
1029 916 1081 967 tus
1104 904 1221 969 canant
1246 904 1376 969 iterum.
1409 906 1587 989 (spartian.
1612 908 1646 972 ‘m
1672 910 1773 981 Hadr.

228 1005 317 1092 qnod
338 1005 496 1071 Hadriani
524 1007 699 1071 tribunatui
720 1028 855 1069 numum
879 1028 972 1071 auum
1023 1019 1062 1070 et
1074 1007 1199 1089 Aelio.)

227 1108 350 1171 addere
388 1129 455 1170 non
491 1104 647 1192 neglexit.
690 1104 750 1168 Eat
783 1102 824 1168 in
844 1128 971 1183 ,museo
1090 1109 1258 1174 Haetenua
1275 1107 1717 1184 Aeliinumidetidenutur.

224 1210 391 1291 Bongiann
406 1209 544 1277 Velitris
558 1229 673 1271 numus
683 1207 771 1271 Aelii
787 1209 971 1297 rariaaimua

223 1311 481 1386 Alexandrinus,
522 1309 576 1375 in
575 1310 676 1407 eujus
704 1329 840 1376 aterna·
869 1310 908 1373 L.
930 1304 970 1373 Γ.
1201 1332 1255 1395 V
1275 1330 1386 1415 0090
1403 1330 1588 1413 31537·

227 1409 415 1476 GIPHNH.
437 1425 515 1495 typo
536 1400 786 1489 Paeis'stootis.
809 1409 971 1504 Quoniam
1102 1447 1307 1514 CAESAR
1331 1450 1400 1513 m
1415 1450 1517 1516 Por.
1538 1449 1635 1516 ⁶03
1648 1449 1758 1515 11.

228 1511 345 1575 Aelius
369 1512 457 1575 diem
484 1510 643 1579 obivitV.
664 1513 688 1574 C
717 1511 816 1593 891
806 1512 885 1596 aptit
907 1514 971 1581 Ke-

226 1613 333 1676 lendia
358 1614 532 1694 lanuariia,
557 1609 800 1690 annualiter,
826 1614 897 1678 eive
914 1616 971 1676 111.
1090 1567 1325 1681 Rdandtalan.
1341 1577 1771 1703 ronauirteramproeadit.
1807 1608 1813 1615 ¹

220 1716 335 1800 eoepit
358 1730 500 1781 exeunte
518 1717 667 1800 arguare
684 1715 727 1783 V.
746 1714 783 1777 C.
807 1714 886 1797 890,
915 1737 972 1779 an·
1024 1711 1111 1778 Fine
1132 1717 1208 1780 anni
1225 1739 1271 1785 vex
1286 1717 1452 1785 Pannonia
1474 1713 1615 1783 Romam
1634 1718 1773 1786 reverti·
1803 1781 1806 1786 ,

221 1817 333 1887 ιιιιιΒ
363 1819 432 1883 aire
460 1819 504 1884 11.
535 1830 676 1881 exeunte
700 1817 847 1899 Augusto
874 1818 915 1884 V.
932 1817 970 1884 C.
1027 1828 1082 1881 tur
1096 1818 1138 1902 ⁸).
1752 1837 1756 1840 ·

223 1921 305 2002 889,
326 1941 397 2005 quo
418 1921 499 1985 item
522 1940 635 1984 menae
659 1918 760 1983 finam
781 1916 893 1981 habuit
917 1942 972 1984 an·

225 2042 287 2084 nna
305 2022 357 2097 A,
380 2043 439 2085 aeu
459 2024 505 2098 1.,
527 2022 583 2106 qni
601 2040 672 2104 apro
691 2020 760 2103 ejna
775 2020 857 2083 ⁴anni
876 2021 970 2085 Iulia·
1027 2020 1068 2086 A.
1159 2017 1576 2088 12.tJtt.1v8.cAEsttt.
1590 2025 1770 2105 deputon-

224 2125 258 2183 ni
288 2144 402 2186 menae
434 2126 605 2207 eoeperit,
641 2142 706 2183 non
736 2135 871 2186 constat.
914 2124 970 2191 Vi·
1166 2125 1261 2198 dum,
1284 2125 1320 2182 in
1336 2125 1415 2187 AV.
1432 2124 1511 2184 AB.
1531 2123 1608 2186 ΑΕ.
1626 2125 1654 2185 Ι.
1673 2123 1720 2185 11.
1752 2155 1756 2175 ι

223 2226 321 2289 detur
353 2225 436 2288 adeo
457 2225 536 2305 iejua
565 2224 758 2306 dignitatum
784 2221 967 2287 distributio
1023 2219 1066 2288 B.
1162 2222 1202 2285 L.
1224 2221 1395 2288 AELIVS.
1423 2223 1609 2286 CAESAR.
1640 2224 1710 2285 ΤΗ.
1734 2222 1771 2286 Ρ.

224 2348 296 2390 eoae
319 2327 410 2389 talia:
434 2327 474 2390 V.
491 2327 527 2389 C.
550 2323 780 2406 aequalentia
804 2327 869 2386 Ian.
891 2344 966 2407 pro·
1159 2321 1308 2386 (208.st
1332 2326 1438 2406 Caput
1453 2325 1591 2399 nudum,
1612 2327 1648 2386 in
1661 2326 1741 2388 AB.

221 2429 320 2491 ueaait
340 2428 459 2491 conani
481 2429 524 2503 l.,
560 2425 620 2488 aed
650 2424 843 2489 dictantibus
873 2425 964 2489 tantia
1086 2424 1202 2487 Partea
1216 2442 1389 2486 nemorum
1399 2422 1487 2486 Aelii
1503 2442 1638 2486 ateraue
1654 2422 1767 2489 obvios

220 2529 353 2593 nomine
373 2529 503 2611 Cejonii
517 2526 710 2602 Commodi,
735 2527 830 2589 'nulla
858 2524 963 2590 adhue
1018 2524 1094 2588 'iere
1115 2539 1209 2608 typoa
1225 2524 1371 2602 nabent,
1394 2546 1481 2608 ¹quoa
1502 2541 1581 2587 'auae
1604 2524 1772 2608 explicant

224 2631 380 2693 Caesaris
400 2629 584 2691 mentione.
622 2626 742 2709 Aliquo
769 2627 853 2688 intra
878 2629 965 2689 huno
1023 2625 1269 2703 inscriptionea,
1314 2639 1370 2688 ut:
1424 2623 1693 2691 CONCORDIA.
1729 2657 1771 2674 -—

217 2751 341 2793 ¹annum
365 2745 515 2814 tempore
539 2729 710 2812 adoptatur
726 2726 766 2789 ab
781 2725 965 2801 Hadriano,
1022 2724 1192 2788 PIETAS.
1210 2754 1255 2774 »-
1270 2723 1430 2798 δΑΙΝὸ,
1453 2723 1560 2786 addita
1579 2745 1677 2807 naepe
1695 2726 1770 2790 trib.

221 2841 263 2905 etl
289 2833 410 2895 Caesar
451 2830 557 2893 addita
595 2829 767 2891 tribunitia
806 2840 966 2912 potestate
1023 2836 1201 2908 potestate,
1228 2837 1263 2886 et
1289 2825 1470 2887 oonaulutu.
1510 2821 1621 2887 Lubet
1643 2824 1684 2886 ad
1709 2824 1768 2889 hta

216 2930 357 3009 dicitur,
390 2945 431 2994 et
461 2931 649 3016 designatur
685 2930 801 2993 consul
836 2919 967 2995 iterum.
1024 2925 1304 3002 animadvertere,
1324 2943 1489 3008 nunqnam
1510 2925 1550 2988 iia
1577 2923 1653 2987 addi
1676 2944 1770 2991 voea-

220 3035 301 3096 Μαι
330 3033 499 3115 praetoria
538 3033 669 3095 nomine
708 3032 749 3098 ad
789 3031 966 3114 regendam
1025 3028 1135 3090 bulum
1148 3026 1268 3102 Avo..
1286 3046 1357 3088 ne.
1371 3023 1768 3099 coucoumnavu..

220 3133 421 3197 Pannoniam
456 3133 609 3201 mittitur.
646 3134 791 3216 Reliqua
826 3131 902 3197 vide
929 3130 966 3194 'in
1023 3150 1060 3192 ae
1099 3128 1172 3210 jure
1203 3116 1355 3211 q'uidem,
1395 3127 1469 3211 quia
1502 3127 1618 3189 Aeliua
1655 3142 1769 3196 notter

220 3234 398 3300 annalibua.
1023 3231 1187 3311 Augustua
1224 3250 1388 3314 nunquam
1424 3229 1494 3292 fuit.
1548 3224 1659 3319 Quare
1693 3249 1770 3293 eunt

280 3339 400 3400 Narrat
418 3336 627 3418 Spartianus,
646 3335 780 3399 delium
805 3334 964 3417 peeuiiari
1021 3332 1184 3408 viderem,
1218 3333 1252 3393 in
1275 3332 1423 3412 catologo
1446 3327 1654 3393 Mediobarbi
1674 3330 1766 3395 exhi·

218 3437 354 3521 quadam
390 3439 534 3516 ratione,
570 3459 653 3515 nou,
683 3452 719 3499 ut
743 3437 918 3518 Trajanum
944 3459 963 3500 a
1020 3435 1093 3496 beri
1110 3447 1302 3516 argenteum
1320 3431 1407 3493 Aelii
1426 3449 1560 3490 numum
1575 3429 1767 3511 inscriptum

218 3541 343 3614 Nerva,
373 3539 481 3604 [nisae
507 3541 710 3622 adoptatum,
744 3536 803 3601 aed
826 3539 899 3602 iere
927 3551 963 3600 ut
1020 3533 1262 3597 FELICITAS.
1284 3531 1407 3607 AVG„
1442 3550 1657 3614 nouemque,
1678 3533 1770 3595 aimis

219 3640 457 3718 Constantium,
498 3656 532 3705 et
555 3641 722 3702 Galerium
743 3640 962 3704 aDioeietia·
1014 3637 1086 3702 iem
1105 3637 1204 3699 alium
1222 3646 1352 3698 enatare
1366 3633 1400 3692 in
1417 3650 1531 3695 muaeu
1551 3632 1679 3695 comitia
1696 3633 1768 3698 Vit-

217 3761 271 3803 no.
309 3739 383 3830 Qua
399 3743 551 3806 oratione
569 3741 867 3826 quid-intellectum
891 3743 961 3803 iue-
1014 3738 1085 3811 eoi,
1115 3751 1211 3820 atque
1235 3736 1322 3798 huno
1341 3752 1471 3816 quoque
1492 3746 1702 3813 argenteum,
1725 3732 1765 3794 ii·

216 3844 260 3905 rit
286 3841 459 3919 historico,
494 3845 584 3906 varie
605 3858 658 3906 eat
682 3843 893 3925 disputatum,
926 3857 962 3904 nt
1017 3842 1084 3903 lum
1110 3837 1240 3920 cognita
1270 3832 1534 3916 tltpoaaaaaoria
1565 3833 1762 3902 humanitate

216 3944 365 4009 dicemus
391 3945 588 4010 intractato
613 3945 655 4008 de
685 3950 836 4010 Caesare.
881 3944 961 4026 Ejoa
1017 3941 1143 4026 petenti
1166 3938 1247 4000 mihi
1274 3936 1409 3999 mianum
1441 3933 1594 3996 adcurate
1623 3932 1762 4016 inspexi,

217 4045 401 4129 adoptionis
430 4048 640 4128 explicandae
672 4048 804 4109 modum
836 4044 898 4106 aibi
917 4065 962 4107 er
1010 4061 1160 4126 eumque
1178 4059 1252 4102 eane
1268 4057 1310 4103 ex
1335 4034 1513 4100 subarratis
1542 4054 1640 4096 unum
1666 4033 1761 4097 facile

219 4148 349 4212 laudato
362 4168 467 4210 ,numo
479 4148 704 4211 Alexandrino
728 4148 871 4211 oblatum
887 4166 964 4209 oen·
1020 4140 1235 4226 deprehendi.
1284 4137 1497 4228 'Quapropter
1526 4155 1593 4199 non
1617 4135 1762 4204 uberru-

221 4267 278 4329 tet
296 4253 481 4331 eLZoiiga,
518 4248 560 4312 de
584 4272 648 4333 quo
672 4251 798 4334 egimua
820 4252 853 4313 in
873 4251 963 4325 Aelii
1017 4266 1118 4320 nero,
1138 4245 1167 4306 ai
1184 4244 1323 4305 alterum
1348 4236 1552 4303 Mediobarbi
1575 4235 1692 4300 eodem
1718 4238 1790 4300 vi-.

223 4355 370 4418 Caesario
387 4353 497 4417 nuntia
511 4350 754 4418 Alexandrinia.
1019 4348 1065 4410 tio
1093 4341 1252 4409 ,laborare
1290 4355 1436 4421 atatuam.
1477 4338 1638 4402 Nimirum
1666 4351 1781 4403 vetuo·

282 4454 395 4522 Aelius
421 4453 593 4539 adoptatus
629 4473 707 4515 mox
735 4446 883 4538 praetor,
924 4473 962 4514 ae
1012 4447 1168 4512 dalaaniua
1192 4465 1356 4520 avertem,
1397 4461 1480 4527 quae
1502 4439 1664 4508 Hadriani
1690 4453 1757 4514 eat,
1832 4449 1835 4456 '

255 4671 284 4727 a)
305 4662 447 4735 spartian.
