3998 5340
813 429 1199 505 nauntsnvs.
1708 468 1781 550 ⁵09

231 613 388 684 concepta
413 599 510 663 luere
534 618 595 683 pro
611 597 866 684 principes-ota,
895 595 981 659 didi·
1046 635 1049 638 -
1079 631 1082 634 -
1182 603 1229 664 Vt
1241 598 1294 663 Iit.
1308 602 1351 668 H.

228 701 294 766 eile
314 716 366 766 ost
382 700 560 778 decidere,
582 721 690 789 neque
715 703 812 765 etiam
833 700 980 765 decisum
1036 700 1223 769 TELLVS.
1241 701 1411 771 sututt..
1428 711 1493 771 Vir
1505 716 1676 778 succincta
1690 734 1780 784 „em

141 867 147 890 ‚
230 824 346 867 numos
363 816 554 886 praesentes
570 802 644 886 plus
660 803 886 870 illustraverit.
916 805 979 866 His
1032 813 1131 890 stans
1142 807 1175 866 d.
1183 806 1281 886 forte
1296 806 1460 889 ligonem,
1481 832 1509 873 r.
1525 826 1684 884 rastrum.
1706 820 1779 891 tv.

230 906 274 979 ita
306 903 475 990 disputatis
510 905 691 980 audiendus
723 907 821 972 etiam
853 908 979 972 flaver-
1031 904 1329 982 ffltvaillddus.
1348 909 1460 989 Caes.)

231 1027 363 1089 campus
386 1006 478 1081 numi
502 1007 598 1089 hujus
625 1007 829 1096 epigraphen
851 1009 898 1072 sie
916 1029 976 1072 ex·
1177 1011 1224 1070 Vt
1243 1009 1294 1070 lit.
1309 1011 1352 1076 H.
1768 1060 1773 1070 .

231 1107 346 1192 plens:
370 1108 404 1175 S.
421 1110 459 1170 Ρ.
474 1107 515 1199 Q.
528 1110 570 1181 ii.
589 1109 686 1172 Anno
699 1111 819 1174 Natali
834 1113 980 1186 (scilieet
1032 1107 1061 1165 Τ
1063 1106 1220 1175 ELLVS.
1231 1109 1401 1176 STABIL.
1414 1111 1539 1174 Mulier
1552 1113 1648 1177 tumr·
1662 1120 1779 1182 sedens

228 1213 335 1294 urbis)
353 1211 448 1282 Fieri
470 1211 565 1274 Fecit
584 1210 771 1276 OPTIMO.
812 1212 979 1275 rumet-
1032 1208 1064 1269 ἅ.
1085 1209 1224 1289 globum
1248 1213 1487 1295 praegrandem
1518 1219 1707 1298 contingit,
1754 1243 1779 1280 s.

228 1311 270 1374 Pl
296 1314 335 1394 ⁸).
378 1311 543 1375 Nimirum
568 1311 645 1374 huic
667 1312 892 1399 polygrapho,
925 1333 979 1377 ee·
1026 1312 1246 1393 serteoitem.
1269 1312 1341 1373 All.
1369 1315 1406 1375 ln
1423 1314 1494 1377 aliis
1509 1318 1613 1377 simul
1630 1322 1780 1381 canistro

226 1428 298 1479 tera
320 1414 450 1479 erudito
472 1433 571 1492 sane,
607 1414 698 1479 idem
718 1417 849 1493 evenit,
887 1415 976 1499 quod
1036 1415 1197 1474 innititur
1214 1415 1329 1474 addito
1347 1414 1381 1478 S.
1392 1417 1506 1482 enti.
1519 1419 1543 1479 1.
1559 1421 1655 1490 (Mus.
1666 1420 1779 1501 Caes.)

228 1516 364 1582 evenire
387 1517 473 1579 solet
493 1516 704 1600 polyphagis,
726 1518 800 1601 qui,
821 1519 976 1601 quoniam
1114 1513 1384 1583 HADRIANVS.
1403 1518 1648 1585 nvastvs
1668 1522 1778 1603 Caput

227 1619 364 1681 multum
382 1619 557 1701 ingerunt,
572 1619 665 1686 ,male
688 1620 852 1703 digerunt.
892 1618 975 1712 Quis
1117 1613 1288 1677 Hadriani
1305 1631 1460 1680 ornatum
1473 1620 1562 1699 pelle
1578 1619 1724 1685 leonina.

228 1720 399 1785 enimvero
423 1721 485 1782 luit
506 1741 608 1782 annus
626 1719 717 1784 urbis
740 1721 880 1784 natalis?
907 1742 976 1783 uon
1032 1714 1217 1781 TELLVS.
1246 1716 1490 1782 STABILITA.
1521 1719 1650 1781 Mulier
1683 1720 1779 1784 ltumi

228 1841 305 1884 sane
328 1821 425 1899 alius,
463 1821 573 1884 uitiis
592 1822 682 1905 ipse,
722 1843 788 1907 quo
816 1823 975 1885 Romulus
1032 1818 1206 1878 considens
1222 1819 1393 1882 dexteram
1414 1823 1513 1904 globo
1530 1827 1690 1905 imponit,
1713 1832 1777 1889 cir-

228 1922 344 1989 urbem
362 1923 469 1990 fertur
487 1924 686 1990 condidisse.
719 1925 903 2007 Ergosnte
920 1945 978 1987 na·
1028 1936 1075 1976 co
1099 1936 1194 1996 quem
1215 1923 1367 1999 pueruli,
1401 1944 1429 1985 s.
1454 1927 1565 1988 vitem.
1591 1928 1662 1991 ΑΕ.
1691 1948 1775 1991 mar.

227 2044 301 2087 rem
320 2024 393 2089 sere
408 2025 474 2110 jam
496 2027 625 2090 saecula
650 2025 686 2088 hi
711 2040 786 2088 suut
802 2027 892 2088 numi
912 2028 978 2091 Ha·
1034 2016 1121 2080 mod·
1138 2017 1348 2102 (Theupoti.)

225 2125 342 2188 driauo
364 2149 382 2189 a
407 2141 522 2191 senatu
547 2127 668 2191 dicati?
708 2128 977 2193 Similis-*aversa
1041 2169 1044 2175 -
1075 2120 1119 2178 Εῑ
1134 2119 1380 2204 ePisilil‘heset
1392 2136 1485 2209 ¹71)ss
1499 2128 1670 2212 allegorici
1691 2145 1776 2196 tunt·

223 2240 275 2290 est
298 2227 395 2291 etiam
419 2229 453 2288 in
478 2249 578 2293 numo
604 2230 763 2292 Antonini
779 2233 849 2308 Pii,
875 2251 975 2315 quem
1031 2221 1193 2281 Nimirum
1214 2223 1397 2286 Hadrianus
1430 2226 1549 2291 dicitur
1571 2234 1777 2295 stabilivisse

223 2327 423 2413 descriptum
455 2329 532 2395 vide
558 2329 599 2393 ad
628 2352 749 2394 annum
773 2333 815 2397 V.
839 2331 876 2395 C.
897 2333 973 2410 dou,
1030 2322 1200 2399 tellurem,
1222 2322 1299 2385 dum
1316 2330 1476 2409 repressis
1497 2332 1711 2394 seditionibus
1730 2334 1777 2392 in·

222 2430 638 2508 iremAlmndriseveri,
661 2431 972 2519 quemvideinhu.
1029 2421 1176 2499 testinis,
1210 2439 1244 2487 et
1267 2428 1443 2511 profligato
1467 2454 1484 2493 a
1508 2431 1606 2494 bellis
1629 2434 1776 2496 externis

222 2533 272 2612 ju,
291 2533 429 2616 Augusti
447 2534 552 2596 numi,
571 2533 672 2617 vage,
1029 2536 1136 2600 metu,
1159 2523 1295 2590 adhaec
1316 2530 1458 2592 coercita
1480 2534 1667 2615 praesidum
1683 2534 1777 2618 cupi·

231 2699 235 2706 .
367 2638 412 2696 Vt
432 2637 484 2696 lit,
504 2636 544 2697 Η,
954 2676 960 2685 .
1029 2624 1129 2684 ditate
1159 2645 1291 2706 paoem,
1334 2630 1540 2709 libertatem,
1582 2655 1619 2696 ae
1652 2639 1777 2698 securi·

222 2733 371 2830 ΜΩ
391 2736 573 2802 Β,ΕΧ,8,
596 2735 633 2800 c,
672 2736 838 2818 Templum
862 2736 973 2796 decem
1029 2737 1147 2800 tatem,
1187 2727 1303 2809 quibus
1336 2730 1551 2812 agricultura,
1589 2747 1624 2796 et
1654 2737 1776 2800 uirium

222 2828 452 2900 columnarum
484 2842 590 2900 variis
612 2840 740 2899 statuis
761 2847 974 2899 exornatum.
1020 2824 1199 2887 *foculloles
1231 2829 1405 2906 nituntur,
1441 2829 1596 2897 fundarit.
1654 2836 1690 2897 si
1721 2857 1776 2920 ge·

222 2938 292 3002 ΑΕ,
307 2937 777 3012 m‚m‚(13u0021·r0150mrq,
795 2935 845 3001 ist,
863 2958 895 3020 p,
909 2935 973 3017 to.)
1029 2927 1147 2989 nuinus
1165 2941 1216 2990 est
1231 2952 1348 2992 numus
1366 2944 1567 3014 postremus,
1584 2933 1618 2994 iu
1630 2957 1695 3020 quo
1710 2941 1775 2999 Ha·

232 3107 237 3115 ,
367 3041 413 3105 Vt
433 3043 486 3104 lit.
500 3042 540 3102 H.
559 3068 564 3073 ·
1030 3027 1136 3090 ‹lriani
1161 3045 1257 3113 caput
1280 3032 1386 3095 leonis
1403 3034 1526 3096 exuriit
1546 3038 1683 3120 tegitur,
1715 3039 1775 3100 sed

226 3141 260 3204 s,
277 3141 313 3206 Ρ,
330 3141 371 3233 Q
389 3145 429 3207 R,
452 3146 489 3204 i„
508 3163 587 3204 am
605 3141 639 3203 s,
660 3140 696 3203 c,
729 3139 895 3221 Templum
919 3140 974 3202 aa.
1029 3131 1121 3214 cujus
1138 3132 1216 3193 mihi
1233 3132 1314 3196 [ides
1332 3134 1480 3196 nonnihil
1497 3137 1627 3200 ridetur
1643 3161 1775 3223 suspee-

220 3265 290 3306 πη,
310 3245 551 3307 columnarum,
568 3240 917 3322 AE,1,(Mn⁸,cae.,)
1027 3245 1078 3307 ta,
1102 3232 1258 3297 habemus
1279 3236 1512 3318 imperatorem
1528 3240 1682 3302 collatum
1700 3262 1774 3304 cum

232 3411 236 3418 Ι
265 3345 456 3410 Verisimile
485 3357 600 3407 censet
619 3345 863 3415 monstrosus,
905 3340 970 3403 hoc
1027 3333 1192 3409 Ilercule,
1231 3337 1286 3419 qui
1315 3336 1432 3397 similia
1460 3340 1588 3420 agendo
1618 3343 1774 3406 tellurem

222 3447 378 3532 ternplum
398 3445 481 3509 illud
506 3446 611 3529 ipsum
640 3464 730 3520 esse,
761 3443 850 3527 quod
869 3441 972 3524 impe·
1027 3435 1222 3498 stabilivisse
1252 3437 1318 3498 diei
1342 3437 1459 3518 potuit.
1519 3441 1569 3501 Ea
1599 3443 1775 3524 explicatio

222 3564 313 3613 rante
346 3548 513 3611 Hadriano
544 3543 748 3609 aedificatum
774 3545 874 3606 luisse
904 3546 971 3606 tto·
1027 3538 1130 3618 magis
1157 3537 1238 3598 milti
1270 3537 1402 3599 videtur
1433 3535 1549 3601 idonea
1588 3561 1666 3623 prae
1695 3544 1774 3607 alte·
1866 3604 1869 3605 ⁷

222 3672 307 3727 mae,
340 3665 374 3714 et
391 3650 535 3726 Veneri,
577 3667 654 3711 mox
676 3646 760 3709 inira
777 3645 817 3709 ad
834 3666 968 3719 numum
1026 3661 1082 3714 ra,
1105 3660 1199 3723 quarn
1223 3639 1341 3702 obtulit
1363 3637 1595 3715 Tristauusb).
1640 3643 1775 3708 Hadria.

223 3753 346 3820 vitos.
378 3752 519 3818 ROMA.
556 3749 782 3814 AETERNA.
810 3746 969 3812 dicemus.
1025 3763 1103 3803 num
1131 3743 1259 3805 seilicet
1287 3763 1344 3804 sua
1373 3741 1406 3804 in
1437 3742 1518 3806 deos
1546 3744 1668 3825 pietate
1698 3766 1773 3828 pru·

139 3896 144 3914 ,
220 3863 262 3919 At
278 3855 368 3920 enim
385 3855 542 3937 templum
568 3854 726 3915 innumis
749 3851 800 3913 his
820 3851 969 3934 proposi·
1025 3844 1199 3920 meritum,
1239 3856 1275 3904 ut
1303 3844 1401 3906 tellus
1428 3844 1592 3928 principio
1622 3845 1692 3926 ejus
1715 3846 1773 3906 im·

220 3972 289 4020 tum
312 3955 683 4020 structuruiuisseEX.
703 3954 809 4028 S.C.,
850 3974 967 4014 numus
1023 3947 1109 4032 perii
1142 3943 1334 4030 perpetuis,
1378 3959 1412 4008 et
1444 3943 1620 4007 horrendis
1658 3960 1773 4010 vexata

219 4061 311 4144 prior
341 4055 512 4119 manifeste
541 4057 727 4140 eloquitur,
771 4068 803 4116 at
831 4067 966 4133 constat,
1023 4065 1133 4113 terrae
1149 4045 1359 4123 tremoribus,
1377 4045 1495 4131 quibus
1511 4046 1660 4133 illustres
1676 4048 1774 4112 Asiae

218 4161 335 4246 templi
360 4161 504 4233 Romae,
536 4172 570 4221 ot
587 4158 731 4225 Veneris
750 4155 967 4220 architectura
1026 4150 1125 4213 urbes
1142 4146 1371 4221 considerunt,
1387 4147 1512 4211 stabilis
1527 4146 1685 4230 deinceps
1696 4167 1772 4209 eon·

219 4266 318 4328 inisse
338 4263 445 4347 ipsum
462 4260 674 4323 Hadrianum.
706 4257 850 4323 Omnino
868 4257 968 4340 igitur
1025 4255 1167 4316 sisteret.
1185 4247 1275 4314 Istud
1291 4247 1339 4308 illi
1357 4249 1519 4331 persuasit
1531 4266 1661 4320 ancora,
1679 4270 1776 4331 quam

217 4369 400 4441 incertum,
438 4364 529 4446 cujus
556 4360 677 4423 ltouori
694 4360 828 4442 jubente
854 4373 968 4423 senatu
1026 4357 1059 4416 in
1078 4355 1201 4438 ligurae
1219 4349 1332 4416 stantis
1356 4371 1451 4423 manu
1471 4347 1665 4412 videresibi
1686 4349 1774 4412 risus

219 4471 279 4534 hae
294 4468 394 4533 aedes
410 4463 650 4532 surrexerint..
1027 4471 1089 4520 est.
1133 4459 1178 4518 At
1207 4455 1296 4518 enim
1322 4472 1404 4535 quae
1434 4451 1498 4513 sint
1524 4469 1608 4515 rere
1631 4448 1713 4513 haee
1734 4450 1781 4514 in·

256 4689 285 4754 a).
307 4684 381 4739 llus.
403 4680 547 4738 Christiu.
568 4677 695 4751 pag-65·
799 4671 833 4743 b)
855 4673 1019 4730 Comrneut.
1041 4666 1107 4723 hist.
1129 4667 1212 4721 Tum.
1222 4664 1244 4722 1.
1266 4679 1335 4738 pog-
1348 4670 1423 4723 513·-
