3998 5340
906 444 1075 518 nano.
1642 460 1644 463 ·
1691 452 1764 549 ω

220 620 389 697 clauserit3
425 636 499 677 nam
538 614 660 689 diserte
697 610 870 673 Suetonius
900 611 961 686 ait,
1019 613 1168 677 locorum
1218 620 1411 703 praecipuos
1463 625 1541 689 artis
1591 631 1764 716 magistros

220 726 387 785 Neronem
417 715 570 781 clausisse
604 717 715 775 lanum
751 727 820 774 tum
850 715 961 788 nulio,
1018 713 1136 791 voluit,
1177 719 1239 779 etei
1266 734 1330 782 tam
1359 724 1536 787 miserabili
1571 729 1642 812 ipse
1678 751 1765 799 essct

219 844 315 903 quam
338 822 469 883 residuo
492 816 588 878 bello.
619 814 654 874 Si
680 812 787 888 nullo,
813 833 893 896 ergo
920 834 962 877 ex
1018 834 1118 890 voce,
1151 837 1246 900 qnam
1270 823 1435 904 exiguam,
1467 844 1500 889 et
1523 828 1645 893 luscam
1672 850 1767 899 vocat

218 945 312 987 causa
326 925 421 1005 justa.
451 920 568 986 Vtrum
584 914 708 995 rejecta
726 913 837 976 Orosii
854 928 964 977 aucto·

218 1027 312 1088 ritate
344 1020 431 1083 istud
454 1017 558 1079 Taciti
591 1015 902 1098 fragmentum'jure
928 1016 962 1075 in

218 1124 409 1189 adulterinis
425 1132 517 1202 putet
530 1120 698 1179 Massonus
721 1120 765 1194 ¹),
788 1119 964 1180 schemen.

218 1242 270 1290 ter
292 1225 433 1305 ambigo.
466 1217 632 1284 Vocabula
654 1217 779 1280 PACE.
803 1220 962 1284 TERRA.

184 1364 188 1370 ·
217 1326 432 1417 MnnthE.
468 1320 617 1381 PAR'I'A
653 1317 774 1381 habent
802 1318 962 1383 formulas

219 1427 370 1505 modum3
393 1443 466 1485 nam
483 1420 599 1482 iisdem
613 1418 713 1480 utitur
729 1418 825 1480 etiam
841 1420 963 1497 Livius,

222 1551 296 1594 cum
305 1529 448 1592 clausum
460 1523 499 1586 ab
510 1524 658 1606 Augusto
671 1521 781 1581 Ianum
796 1537 905 1585 narrat
919 1520 964 1603 b),

220 1646 254 1695 et
272 1628 446 1692 Suetonius
469 1626 511 1706 ο).
551 1623 660 1684 Clusit
687 1641 748 1702 pro
770 1625 895 1686 clausit
911 1623 965 1685 ad.

220 1733 284 1793 hnc
301 1727 442 1790 Neronis
459 1738 563 1788 aetate
580 1719 739 1796 valuisse,
775 1744 840 1784 non
859 1724 964 1786 solum

220 1834 259 1904 hi
266 1830 355 1895 numi
371 1825 525 1911 probant,
543 1821 651 1887 sedet
669 1823 795 1885 Seneca
814 1844 963 1903 coaevus,

220 1933 276 2019 qui
295 1930 413 2015 passim
437 1927 468 1988 in
492 1923 647 2009 operibus
667 1922 734 1986 suis
754 1926 885 1989 cludere
902 1946 965 2010 pro

221 2035 374 2098 claudere
390 2026 566 2111 usurparit.

221 2235 263 2330 Q.
350 2231 484 2296 NERO.
521 2227 751 2295 CLAVDlVS.
785 2228 966 2296 CAESAR.

347 2335 450 2402 AVG.
478 2329 718 2394 GERMANIC.
764 2332 967 2412 caputiar-

351 2449 497 2509 rectum,
518 2433 592 2495 vel:

222 2540 262 2601 R.
347 2535 481 2599 NERO.
498 2536 657 2599 CLAVD.
670 2534 852 2597 CAESAR.
862 2533 963 2601 AVG.

343 2636 583 2698 GERMANIC.
594 2633 699 2714 Caput
707 2639 885 2709 radiatum,
894 2637 964 2698 velt

224 2743 256 2802 S.
349 2735 483 2799 NERO.
517 2734 751 2801 CLAVDIVS.
784 2735 966 2797 CAESAR.

264 2872 266 2878 ·
344 2837 445 2904 AVG.
460 2836 756 2901 GERMANICVS.
778 2837 884 2919 Caput
895 2837 968 2896 lcu-

342 2950 481 2999 rectum.

226 3041 359 3104 PON'I'.
374 3037 441 3099 vel:
465 3035 640 3098 PONTIF.
657 3037 763 3118 MAX.
783 3038 852 3097 TR.
866 3034 967 3100 POT.

149 3140 153 3146 ’
223 3144 276 3207 vel
286 3139 472 3203 POTEST.
489 3139 577 3198 IMP.
596 3139 632 3202 Ρ.
649 3140 686 3200 Ρ.
702 3143 737 3199 in
752 3140 830 3199 aliis
843 3140 968 3212 addito,

224 3253 259 3308 in
271 3246 351 3307 aliis
365 3243 485 3303 omisso
501 3240 536 3303 S.
552 3241 589 3304 C.
607 3237 696 3302 Nero
710 3221 818 3321 ¹longa
832 3240 970 3301 indutus

223 3359 312 3409 ueste
322 3347 431 3424 capite
445 3343 597 3404 laureato
612 3342 771 3421 gradiens
778 3341 855 3422 ipro
864 3342 967 3403 canit.

224 3447 264 3509 In
291 3445 460 3506 nonnullis
498 3446 535 3504 in
557 3447 624 3504 imo
645 3452 811 3522 comparet
838 3443 967 3526 notul.

225 3548 306 3608 Sunt
324 3544 411 3609 obvii
426 3545 570 3620 nE.11.,
588 3541 689 3627 aliqui
701 3540 741 3603 ad
760 3544 814 3607 111.
830 3541 968 3604 formam

226 3647 393 3711 accedunt.

287 3746 384 3807 Numi
412 3760 487 3808 sunt
517 3744 638 3808 funesti
667 3748 814 3806 Romano
843 3742 968 3805 nomini

227 3848 421 3932 argumenti.
464 3842 642 3923 Auctores,
678 3848 732 3932 qni
754 3844 894 3908 Neronis
916 3864 971 3906 rcs

225 3965 332 4036 gestas
356 3948 579 4030 descripsere,
608 3947 733 4031 copiosi
752 3947 878 4009 suntin
903 3967 970 4007 me·

993 975 1002 1002 Ι
1020 913 1194 979 Suetonius
1210 916 1260 999 d),
1283 935 1317 982 ut
1332 922 1433 985 risum
1451 927 1563 1006 simul,
1586 932 1767 1020 fletumque

1020 1015 1270 1080 auscultantibus
1305 1025 1521 1105 exprimeret,
1564 1032 1625 1093 ctsi
1656 1038 1766 1098 Muso-

1019 1116 1126 1193 nium,
1155 1118 1209 1201 qui
1233 1125 1361 1184 canenti
1387 1125 1549 1204 interluit,
1576 1133 1697 1210 ⁸mitius
1721 1137 1768 1199 vi·

1021 1215 1153 1291 deamus
1185 1220 1406 1303 judicasset).
1456 1229 1622 1295 Processit
1659 1248 1767 1300 tamen

1020 1319 1128 1380 invitis
1146 1321 1248 1382 Musis
1272 1323 1304 1382 in
1327 1325 1432 1407 ipsum
1454 1328 1632 1409 theatrum,
1664 1326 1769 1401 illato-

1023 1441 1086 1503 que
1099 1420 1130 1480 in
1143 1419 1250 1482 album
1260 1425 1483 1505 prolitentium
1497 1430 1766 1502 citharoedorum

1023 1542 1081 1582 suo
1107 1525 1237 1584 nomine
1263 1524 1383 1586 cecinit
1407 1530 1539 1610 publice
1555 1557 1620 1597 non
1641 1539 1766 1604 Romae

1023 1621 1141 1697 modo,
1170 1624 1345 1687 sedetiam
1374 1633 1540 1713 quoniam,
1573 1637 1770 1718 atterebat,

1022 1724 1089 1785 soli
1098 1725 1221 1784 scirent
1238 1729 1355 1796 audire
1368 1729 1498 1806 Graeci,
1516 1737 1582 1796 soli
1595 1760 1639 1809 se,
1656 1755 1689 1800 et
1699 1755 1771 1802 stu-

1023 1827 1090 1886 diis
1105 1827 1176 1886 suis
1190 1840 1298 1887 assent
1310 1830 1409 1908 digni.
1424 1827 1461 1909 s),
1480 1834 1634 1914 Neapoli,
1652 1857 1690 1899 ac
1703 1851 1772 1902 tan·

1023 1922 1099 1985 dem
1140 1924 1283 1989 instituta
1318 1928 1522 2013 proiectione
1560 1935 1594 1996 in
1630 1936 1767 2004 theatris

1022 2023 1174 2088 Achaiae.
1218 2028 1261 2087 Et
1282 2026 1464 2093 instituerat
1494 2035 1653 2118 quoddam
1687 2040 1770 2102 mili·

1022 2139 1090 2187 tum
1109 2146 1246 2208 corpus,
1276 2148 1356 2212 quos
1374 2134 1597 2214 Augustanos
1624 2140 1769 2217 vocabat,

1026 2229 1082 2312 qni
1100 2227 1178 2309 jussi
1194 2243 1303 2305 crant,
1331 2251 1412 2294 voce
1432 2253 1469 2295 ae
1487 2256 1636 2299 manuum
1651 2240 1768 2324 plausu

1025 2329 1197 2392 celebrare
1220 2345 1391 2394 canentem
1413 2333 1604 2416 Caesarem,
1628 2343 1773 2425 compel-

1024 2429 1121 2492 lando
1136 2451 1210 2494 eum
1220 2432 1424 2513 Apollinem,
1439 2448 1473 2498 et
1487 2458 1589 2500 unum
1607 2444 1695 2522 velut
1709 2446 1771 2526 t’y-

1025 2533 1143 2595 thium.
1184 2532 1249 2624 Qui
1265 2534 1361 2616 plura
1387 2534 1429 2598 de
1450 2537 1512 2600 hac
1538 2537 1608 2621 ejus
1629 2544 1770 2606 musices

1023 2631 1114 2693 rabie
1135 2633 1243 2708 nolet,
1277 2634 1372 2695 adeat
1398 2637 1591 2700 Suetonium
1613 2643 1660 2722 t),
1692 2645 1771 2706 Dio·

1003 2752 1100 2792 .nem
1115 2728 1166 2810 ¹¹),
1183 2733 1331 2793 Tacitum
1352 2734 1388 2814 ἱ).
1411 2737 1463 2798 Ad
1483 2743 1664 2820 praesentis
1681 2746 1772 2806 numi

1026 2843 1136 2913 typum
1172 2833 1347 2920 plurimum
1383 2835 1512 2898 confert
1547 2841 1769 2907 testimoninm

1027 2932 1175 2993 Suetonii
1189 2934 1348 2996 narrantis
1362 2930 1413 3015 ¹),
1435 2936 1583 3020 posuisse
1602 2942 1770 3009 Neronem

1025 3046 1158 3096 statuas
1170 3055 1248 3096 suas
1258 3035 1481 3100 citharoedico
1490 3040 1618 3118 habitu,
1634 3064 1699 3121 quc
1716 3069 1772 3110 nc·

1027 3139 1174 3197 taetiam
1187 3156 1321 3196 numum
1327 3141 1502 3217 percussit.
1524 3140 1674 3208 Eundem
1684 3148 1771 3212 hunc
1790 3140 1797 3147 ⁸

1025 3235 1125 3298 fuisse
1144 3235 1408 3300 citharoedorum
1423 3241 1579 3321 habitum,
1599 3245 1632 3309 in
1650 3247 1773 3312 descri-

1026 3335 1134 3403 bendo
1151 3339 1288 3424 Orpheo
1306 3339 1416 3404 docuit
1432 3345 1590 3429 Virgilius
1611 3345 1652 3433 ¹):

1088 3441 1159 3506 Nec
1174 3433 1246 3507 'non
1268 3441 1438 3505 Threicius
1460 3448 1658 3528 longincum
1680 3466 1771 3514 veste

1429 3550 1583 3609 sacerdos

1095 3644 1293 3721 obloquitur
1311 3647 1457 3707 numeris
1471 3661 1593 3729 septem
1608 3652 1770 3715 discrimi-

1429 3767 1621 3830 nnuocum,

1092 3844 1227 3920 Iamque
1247 3845 1361 3907 eadem
1383 3846 1518 3929 digitis,
1543 3852 1612 3928 jam
1640 3856 1771 3936 pectine

1380 4020 1382 4023 Ι
1421 3950 1684 4029 pulsateburno.

224 4051 378 4116 morauda
416 4051 485 4129 ejus
525 4049 660 4124 insania,
707 4070 768 4131 qua
806 4047 832 4109 is
869 4046 970 4119 voce,
1021 4043 1125 4139 'Apud
1154 4043 1325 4107 Aelianum
1341 4050 1379 4130 ιη)
1416 4049 1530 4113 infelix
1562 4053 1771 4120 citharoedus

226 4169 338 4230 cantu,
369 4151 492 4214 cithara
509 4149 676 4212 excellere
697 4170 810 4213 omues
828 4149 971 4211 omnium
1030 4166 1104 4208 cum
1127 4146 1196 4229 ipsa
1219 4148 1301 4211 stola
1326 4152 1395 4231 (cos
1416 4148 1492 4236 dorp
1506 4157 1598 4237 ςολῃ)
1622 4156 1770 4222 adaram

260 4399 290 4466 a)
301 4395 372 4451 ⁴lani
389 4391 490 4466 templ.
505 4402 624 4447 reserat.
642 4392 720 4447 Sect.
731 4390 767 4447 11.
786 4408 849 4464 cop.
862 4402 884 4447 t.
901 4393 926 4459 §.
939 4399 970 4454 5,
991 4399 1019 4444 et
1036 4389 1113 4444 Sect.
1126 4387 1175 4447 IV.
1191 4408 1215 4444 c.
1225 4401 1252 4452 5.
1268 4391 1292 4458 §.
1302 4394 1329 4453 6.
1403 4387 1437 4461 b)
1457 4389 1488 4446 L.
1500 4391 1521 4447 1,
1538 4412 1563 4449 c,
1575 4407 1614 4466 ¹9·
1691 4399 1720 4467 ς)
1742 4398 1770 4452 1„

224 4488 397 4560 Aug.c.22·
481 4482 516 4551 d)
537 4483 664 4556 Capto.
749 4480 779 4548 e)
800 4476 880 4552 apud
892 4477 1012 4533 Luciau.
1031 4475 1060 4530 in
1076 4476 1202 4533 Nerone.
1282 4479 1506 4548 osticam,
1590 4489 1622 4559 g)
1644 4485 1716 4560 0³1„
1727 4500 1769 4546 η.

225 4585 385 4634 coctus.
454 4565 941 4643 h)1..Lx1.2o‚etl.Xlll.s.9.
1008 4565 1032 4634 i)
1053 4563 1216 4624 ann.X1V.
1234 4573 1274 4625 tt.
1344 4567 1526 4643 t)cap.25‚
1594 4571 1619 4642 ι)
1639 4575 1771 4633 Aeutt.

226 4669 286 4724 (ιῖιό.
362 4663 406 4731 ιιι)
426 4660 461 4721 V.
475 4660 510 4717 ll.
526 4660 557 4715 L.
567 4659 619 4716 Ill.
636 4681 661 4717 c.
672 4669 716 4722 45.

1397 4747 1432 4808 hl
1455 4766 1529 4809 me
