<?xml version="1.0" encoding="UTF-8"?>
<!DOCTYPE html PUBLIC "-//W3C//DTD XHTML 1.0 Transitional//EN"
    "http://www.w3.org/TR/xhtml1/DTD/xhtml1-transitional.dtd">
<html xmlns="http://www.w3.org/1999/xhtml" xml:lang="en" lang="en">
 <head>
  <title>
</title>
<meta http-equiv="Content-Type" content="text/html;charset=utf-8" />
  <meta name='ocr-system' content='tesseract 3.04.00' />
  <meta name='ocr-capabilities' content='ocr_page ocr_carea ocr_par ocr_line ocrx_word'/>
</head>
<body>
  <div class='ocr_page' id='page_1' title='image "./doctrinanumorum00steigoog/doctrinanumorum00steigoog_0363.png"; bbox 0 0 4012 5370; ppageno 0'>
   <div class='ocr_carea' id='block_1_1' title="bbox 784 418 1203 496">
    <p class='ocr_par' dir='ltr' id='par_1_1' title="bbox 784 418 1203 496">
     <span class='ocr_line' id='line_1_1' title="bbox 784 418 1203 496; baseline -0.007 -3"><span class='ocrx_word' id='word_1_1' title='bbox 784 418 1203 496; x_wconf 74' lang='lat' dir='ltr'>VESPASIANVS.</span> 
     </span>
    </p>
   </div>
   <div class='ocr_carea' id='block_1_2' title="bbox 216 585 967 1683">
    <p class='ocr_par' dir='ltr' id='par_1_2' title="bbox 216 585 964 1478">
     <span class='ocr_line' id='line_1_2' title="bbox 216 585 962 670; baseline 0 -18"><span class='ocrx_word' id='word_1_2' title='bbox 216 589 308 670; x_wconf 88' lang='lat' dir='ltr'>cujus</span> <span class='ocrx_word' id='word_1_3' title='bbox 327 590 358 649; x_wconf 92' lang='lat' dir='ltr'>iu</span> <span class='ocrx_word' id='word_1_4' title='bbox 375 585 480 650; x_wconf 88' lang='lat' dir='ltr'>Gallia</span> <span class='ocrx_word' id='word_1_5' title='bbox 499 586 682 649; x_wconf 80' lang='lat' dir='ltr'>rebellione</span> <span class='ocrx_word' id='word_1_6' title='bbox 711 590 835 669; x_wconf 79' lang='lat' dir='ltr'>egimus</span> <span class='ocrx_word' id='word_1_7' title='bbox 853 591 892 653; x_wconf 89' lang='lat' dir='ltr'>ad</span> <span class='ocrx_word' id='word_1_8' title='bbox 910 613 962 653; x_wconf 90' lang='lat' dir='ltr'>au·</span> 
     </span>
     <span class='ocr_line' id='line_1_3' title="bbox 216 689 963 774; baseline 0.005 -23"><span class='ocrx_word' id='word_1_9' title='bbox 216 712 294 751; x_wconf 88' lang='lat' dir='ltr'>num</span> <span class='ocrx_word' id='word_1_10' title='bbox 319 692 359 755; x_wconf 88' lang='lat' dir='ltr'>V.</span> <span class='ocrx_word' id='word_1_11' title='bbox 378 691 413 751; x_wconf 87' lang='lat' dir='ltr'>C.</span> <span class='ocrx_word' id='word_1_12' title='bbox 429 689 508 762; x_wconf 77' lang='lat'>823,</span> <span class='ocrx_word' id='word_1_13' title='bbox 536 708 608 750; x_wconf 88' lang='lat' dir='ltr'>cum</span> <span class='ocrx_word' id='word_1_14' title='bbox 632 691 684 750; x_wconf 79' lang='lat' dir='ltr'>llt‘.</span> <span class='ocrx_word' id='word_1_15' title='bbox 711 712 811 754; x_wconf 90' lang='lat' dir='ltr'>annos</span> <span class='ocrx_word' id='word_1_16' title='bbox 836 693 869 752; x_wconf 93' lang='lat' dir='ltr'>in</span> <span class='ocrx_word' id='word_1_17' title='bbox 892 714 963 774; x_wconf 90' lang='lat' dir='ltr'>spe·</span> 
     </span>
     <span class='ocr_line' id='line_1_4' title="bbox 216 776 962 872; baseline 0.004 -21"><span class='ocrx_word' id='word_1_18' title='bbox 216 791 312 853; x_wconf 87' lang='lat' dir='ltr'>lunca</span> <span class='ocrx_word' id='word_1_19' title='bbox 334 790 459 852; x_wconf 90' lang='lat' dir='ltr'>abditus</span> <span class='ocrx_word' id='word_1_20' title='bbox 482 789 620 864; x_wconf 91' lang='lat' dir='ltr'>lateret,</span> <span class='ocrx_word' id='word_1_21' title='bbox 647 776 807 872; x_wconf 77' lang='lat' dir='ltr'>repertus,</span> <span class='ocrx_word' id='word_1_22' title='bbox 825 796 962 856; x_wconf 83' lang='lat' dir='ltr'><strong>Romam</strong></span> 
     </span>
     <span class='ocr_line' id='line_1_5' title="bbox 217 892 963 972; baseline 0 -18"><span class='ocrx_word' id='word_1_23' title='bbox 217 892 396 972; x_wconf 88' lang='lat' dir='ltr'>perductus</span> <span class='ocrx_word' id='word_1_24' title='bbox 439 902 473 950; x_wconf 87' lang='lat' dir='ltr'>et</span> <span class='ocrx_word' id='word_1_25' title='bbox 508 910 581 962; x_wconf 89' lang='lat' dir='ltr'>cum</span> <span class='ocrx_word' id='word_1_26' title='bbox 619 911 720 952; x_wconf 85' lang='lat' dir='ltr'>uxore</span> <span class='ocrx_word' id='word_1_27' title='bbox 765 909 870 955; x_wconf 89' lang='lat' dir='ltr'>morte</span> <span class='ocrx_word' id='word_1_28' title='bbox 910 895 963 956; x_wconf 89' lang='lat' dir='ltr'>ad·</span> 
     </span>
     <span class='ocr_line' id='line_1_6' title="bbox 218 991 962 1075; baseline 0.008 -22"><span class='ocrx_word' id='word_1_29' title='bbox 218 993 326 1055; x_wconf 80' lang='lat' dir='ltr'>fectus</span> <span class='ocrx_word' id='word_1_30' title='bbox 358 1005 407 1053; x_wconf 89' lang='lat' dir='ltr'>cst</span> <span class='ocrx_word' id='word_1_31' title='bbox 424 992 463 1069; x_wconf 78' lang='lat'>¹).</span> <span class='ocrx_word' id='word_1_32' title='bbox 507 991 647 1053; x_wconf 83' lang='lat' dir='ltr'><strong>Moritur</strong></span> <span class='ocrx_word' id='word_1_33' title='bbox 674 994 890 1075; x_wconf 79' lang='lat' dir='ltr'>Vespasianus</span> <span class='ocrx_word' id='word_1_34' title='bbox 910 997 962 1059; x_wconf 78' lang='lat' dir='ltr'>tlt.</span> 
     </span>
     <span class='ocr_line' id='line_1_7' title="bbox 218 1094 964 1177; baseline 0.004 -23"><span class='ocrx_word' id='word_1_35' title='bbox 218 1095 290 1158; x_wconf 79' lang='lat' dir='ltr'>llal.</span> <span class='ocrx_word' id='word_1_36' title='bbox 309 1094 500 1156; x_wconf 76' lang='lat' dir='ltr'>{alannum</span> <span class='ocrx_word' id='word_1_37' title='bbox 516 1094 742 1175; x_wconf 66' lang='lat' dir='ltr'>agcusLllllL</span> <span class='ocrx_word' id='word_1_38' title='bbox 762 1116 860 1177; x_wconf 90' lang='lat' dir='ltr'>super</span> <span class='ocrx_word' id='word_1_39' title='bbox 877 1117 964 1158; x_wconf 89' lang='lat' dir='ltr'>men-</span> 
     </span>
     <span class='ocr_line' id='line_1_8' title="bbox 220 1193 964 1279; baseline 0.003 -23"><span class='ocrx_word' id='word_1_40' title='bbox 220 1215 273 1257; x_wconf 90' lang='lat' dir='ltr'>ses</span> <span class='ocrx_word' id='word_1_41' title='bbox 292 1197 362 1258; x_wconf 90' lang='lat' dir='ltr'>Vll.</span> <span class='ocrx_word' id='word_1_42' title='bbox 384 1215 419 1256; x_wconf 88' lang='lat' dir='ltr'>ac</span> <span class='ocrx_word' id='word_1_43' title='bbox 436 1193 505 1255; x_wconf 90' lang='lat' dir='ltr'>dies</span> <span class='ocrx_word' id='word_1_44' title='bbox 519 1194 652 1255; x_wconf 88' lang='lat' dir='ltr'>totidem</span> <span class='ocrx_word' id='word_1_45' title='bbox 670 1194 719 1273; x_wconf 76' lang='lat' dir='ltr'>b),</span> <span class='ocrx_word' id='word_1_46' title='bbox 735 1208 902 1279; x_wconf 73' lang='lat' dir='ltr'>postquam</span> <span class='ocrx_word' id='word_1_47' title='bbox 918 1199 964 1258; x_wconf 92' lang='lat' dir='ltr'>in-</span> 
     </span>
     <span class='ocr_line' id='line_1_9' title="bbox 218 1294 963 1361; baseline 0.007 -5"><span class='ocrx_word' id='word_1_48' title='bbox 218 1296 264 1356; x_wconf 91' lang='lat' dir='ltr'>de</span> <span class='ocrx_word' id='word_1_49' title='bbox 281 1318 299 1357; x_wconf 91' lang='lat' dir='ltr'>a</span> <span class='ocrx_word' id='word_1_50' title='bbox 316 1294 386 1358; x_wconf 80' lang='lat' dir='ltr'>ttat.</span> <span class='ocrx_word' id='word_1_51' title='bbox 405 1296 461 1355; x_wconf 92' lang='lat' dir='ltr'>lul.</span> <span class='ocrx_word' id='word_1_52' title='bbox 484 1295 544 1356; x_wconf 79' lang='lat'>822</span> <span class='ocrx_word' id='word_1_53' title='bbox 569 1317 668 1358; x_wconf 89' lang='lat' dir='ltr'>annos</span> <span class='ocrx_word' id='word_1_54' title='bbox 688 1297 742 1357; x_wconf 79' lang='lat' dir='ltr'>IX.</span> <span class='ocrx_word' id='word_1_55' title='bbox 765 1318 894 1361; x_wconf 90' lang='lat' dir='ltr'>menses</span> <span class='ocrx_word' id='word_1_56' title='bbox 911 1301 963 1361; x_wconf 85' lang='lat' dir='ltr'>Xl.</span> 
     </span>
     <span class='ocr_line' id='line_1_10' title="bbox 223 1395 833 1478; baseline 0.002 -19"><span class='ocrx_word' id='word_1_57' title='bbox 223 1397 293 1459; x_wconf 87' lang='lat' dir='ltr'>dies</span> <span class='ocrx_word' id='word_1_58' title='bbox 312 1396 425 1456; x_wconf 79' lang='lat' dir='ltr'>xxlll.</span> <span class='ocrx_word' id='word_1_59' title='bbox 448 1395 638 1477; x_wconf 92' lang='lat' dir='ltr'>imperando</span> <span class='ocrx_word' id='word_1_60' title='bbox 657 1397 833 1478; x_wconf 83' lang='lat' dir='ltr'>explesset.</span> 
     </span>
    </p>

    <p class='ocr_par' dir='ltr' id='par_1_3' title="bbox 224 1495 967 1683">
     <span class='ocr_line' id='line_1_11' title="bbox 285 1495 964 1579; baseline 0.006 -22"><span class='ocrx_word' id='word_1_61' title='bbox 285 1497 361 1557; x_wconf 84' lang='lat' dir='ltr'>Fuit</span> <span class='ocrx_word' id='word_1_62' title='bbox 385 1495 494 1559; x_wconf 79' lang='lat' dir='ltr'>viriis</span> <span class='ocrx_word' id='word_1_63' title='bbox 518 1497 718 1579; x_wconf 78' lang='lat' dir='ltr'>temporibus</span> <span class='ocrx_word' id='word_1_64' title='bbox 745 1499 964 1574; x_wconf 88' lang='lat' dir='ltr'>necessarius,</span> 
     </span>
     <span class='ocr_line' id='line_1_12' title="bbox 224 1596 967 1683; baseline 0.004 -23"><span class='ocrx_word' id='word_1_65' title='bbox 224 1600 279 1683; x_wconf 89' lang='lat' dir='ltr'>qui</span> <span class='ocrx_word' id='word_1_66' title='bbox 295 1611 443 1660; x_wconf 85' lang='lat' dir='ltr'>veterem</span> <span class='ocrx_word' id='word_1_67' title='bbox 465 1596 592 1679; x_wconf 88' lang='lat' dir='ltr'>imperii</span> <span class='ocrx_word' id='word_1_68' title='bbox 606 1597 816 1679; x_wconf 85' lang='lat' dir='ltr'>splendorem</span> <span class='ocrx_word' id='word_1_69' title='bbox 835 1621 967 1681; x_wconf 87' lang='lat' dir='ltr'>praece·</span> 
     </span>
    </p>
   </div>
   <div class='ocr_carea' id='block_1_3' title="bbox 222 1698 1065 1891">
    <p class='ocr_par' dir='ltr' id='par_1_4' title="bbox 222 1698 1065 1891">
     <span class='ocr_line' id='line_1_13' title="bbox 222 1698 1036 1779; baseline 0.005 -18"><span class='ocrx_word' id='word_1_70' title='bbox 222 1700 368 1762; x_wconf 88' lang='lat' dir='ltr'>dentium</span> <span class='ocrx_word' id='word_1_71' title='bbox 390 1700 564 1761; x_wconf 74' lang='lat' dir='ltr'>Caesarum</span> <span class='ocrx_word' id='word_1_72' title='bbox 587 1698 712 1779; x_wconf 88' lang='lat' dir='ltr'>ignaria</span> <span class='ocrx_word' id='word_1_73' title='bbox 729 1720 766 1761; x_wconf 88' lang='lat' dir='ltr'>ac</span> <span class='ocrx_word' id='word_1_74' title='bbox 786 1702 967 1765; x_wconf 77' lang='lat' dir='ltr'>sceleribus</span> <span class='ocrx_word' id='word_1_75' title='bbox 1031 1714 1036 1724; x_wconf 85' lang='grc'><em>“</em></span> 
     </span>
     <span class='ocr_line' id='line_1_14' title="bbox 223 1798 1065 1891; baseline -0.001 -28"><span class='ocrx_word' id='word_1_76' title='bbox 223 1801 471 1863; x_wconf 87' lang='lat' dir='ltr'>contaminatum</span> <span class='ocrx_word' id='word_1_77' title='bbox 500 1798 635 1882; x_wconf 81' lang='lat' dir='ltr'>egregie</span> <span class='ocrx_word' id='word_1_78' title='bbox 662 1799 846 1865; x_wconf 81' lang='lat' dir='ltr'>vindicavit.</span> <span class='ocrx_word' id='word_1_79' title='bbox 902 1802 966 1891; x_wconf 79' lang='lat' dir='ltr'>Qui</span> <span class='ocrx_word' id='word_1_80' title='bbox 1063 1822 1065 1828; x_wconf 90' lang='lat'>·</span> 
     </span>
    </p>
   </div>
   <div class='ocr_carea' id='block_1_4' title="bbox 222 1901 969 2592">
    <p class='ocr_par' dir='ltr' id='par_1_5' title="bbox 222 1901 969 2592">
     <span class='ocr_line' id='line_1_15' title="bbox 223 1901 968 1986; baseline -0.001 -22"><span class='ocrx_word' id='word_1_81' title='bbox 223 1904 293 1982; x_wconf 88' lang='lat' dir='ltr'>ejus</span> <span class='ocrx_word' id='word_1_82' title='bbox 312 1905 407 1962; x_wconf 88' lang='lat' dir='ltr'>vitam</span> <span class='ocrx_word' id='word_1_83' title='bbox 432 1902 609 1962; x_wconf 86' lang='lat' dir='ltr'>memoriae</span> <span class='ocrx_word' id='word_1_84' title='bbox 629 1901 820 1982; x_wconf 78' lang='lat' dir='ltr'>prodidere,</span> <span class='ocrx_word' id='word_1_85' title='bbox 844 1905 968 1986; x_wconf 86' lang='lat' dir='ltr'>copiosi</span> 
     </span>
     <span class='ocr_line' id='line_1_16' title="bbox 222 2001 969 2082; baseline 0.001 -17"><span class='ocrx_word' id='word_1_86' title='bbox 222 2018 296 2065; x_wconf 88' lang='lat' dir='ltr'>sunt</span> <span class='ocrx_word' id='word_1_87' title='bbox 315 2004 347 2062; x_wconf 93' lang='lat' dir='ltr'>in</span> <span class='ocrx_word' id='word_1_88' title='bbox 364 2001 617 2064; x_wconf 89' lang='lat' dir='ltr'>commendanda</span> <span class='ocrx_word' id='word_1_89' title='bbox 634 2001 702 2082; x_wconf 89' lang='lat' dir='ltr'>ejus</span> <span class='ocrx_word' id='word_1_90' title='bbox 721 2001 856 2082; x_wconf 90' lang='lat' dir='ltr'>justitia,</span> <span class='ocrx_word' id='word_1_91' title='bbox 882 2027 969 2066; x_wconf 86' lang='lat' dir='ltr'>man·</span> 
     </span>
     <span class='ocr_line' id='line_1_17' title="bbox 223 2103 968 2188; baseline 0.001 -22"><span class='ocrx_word' id='word_1_92' title='bbox 223 2103 413 2176; x_wconf 81' lang='lat' dir='ltr'>suetudine,</span> <span class='ocrx_word' id='word_1_93' title='bbox 442 2103 638 2183; x_wconf 88' lang='lat' dir='ltr'>integritate.</span> <span class='ocrx_word' id='word_1_94' title='bbox 673 2103 782 2164; x_wconf 87' lang='lat' dir='ltr'>Comis</span> <span class='ocrx_word' id='word_1_95' title='bbox 800 2125 879 2188; x_wconf 88' lang='lat' dir='ltr'>erga</span> <span class='ocrx_word' id='word_1_96' title='bbox 902 2127 968 2167; x_wconf 92' lang='lat' dir='ltr'>om·</span> 
     </span>
     <span class='ocr_line' id='line_1_18' title="bbox 224 2203 967 2290; baseline 0.004 -24"><span class='ocrx_word' id='word_1_97' title='bbox 224 2225 301 2278; x_wconf 90' lang='lat' dir='ltr'>aes,</span> <span class='ocrx_word' id='word_1_98' title='bbox 332 2219 364 2265; x_wconf 90' lang='lat' dir='ltr'>ct</span> <span class='ocrx_word' id='word_1_99' title='bbox 386 2225 533 2267; x_wconf 87' lang='lat' dir='ltr'>accessus</span> <span class='ocrx_word' id='word_1_100' title='bbox 556 2203 676 2276; x_wconf 89' lang='lat' dir='ltr'>facilis,</span> <span class='ocrx_word' id='word_1_101' title='bbox 708 2205 827 2287; x_wconf 87' lang='lat' dir='ltr'>quique</span> <span class='ocrx_word' id='word_1_102' title='bbox 851 2227 967 2290; x_wconf 85' lang='lat' dir='ltr'>graves</span> 
     </span>
     <span class='ocr_line' id='line_1_19' title="bbox 223 2305 967 2390; baseline 0.003 -23"><span class='ocrx_word' id='word_1_103' title='bbox 223 2308 355 2390; x_wconf 80' lang='lat' dir='ltr'>imperii</span> <span class='ocrx_word' id='word_1_104' title='bbox 387 2326 495 2380; x_wconf 87' lang='lat' dir='ltr'>curas,</span> <span class='ocrx_word' id='word_1_105' title='bbox 525 2305 565 2366; x_wconf 90' lang='lat' dir='ltr'>ad</span> <span class='ocrx_word' id='word_1_106' title='bbox 593 2324 670 2386; x_wconf 88' lang='lat' dir='ltr'>quas</span> <span class='ocrx_word' id='word_1_107' title='bbox 702 2327 857 2369; x_wconf 89' lang='lat' dir='ltr'>summam</span> <span class='ocrx_word' id='word_1_108' title='bbox 889 2310 967 2390; x_wconf 84' lang='lat' dir='ltr'>rigi-</span> 
     </span>
     <span class='ocr_line' id='line_1_20' title="bbox 223 2406 966 2484; baseline 0.004 -16"><span class='ocrx_word' id='word_1_109' title='bbox 223 2409 372 2481; x_wconf 89' lang='lat' dir='ltr'>lantiam,</span> <span class='ocrx_word' id='word_1_110' title='bbox 407 2422 440 2469; x_wconf 86' lang='lat' dir='ltr'>et</span> <span class='ocrx_word' id='word_1_111' title='bbox 463 2406 661 2467; x_wconf 86' lang='lat' dir='ltr'>indefessum</span> <span class='ocrx_word' id='word_1_112' title='bbox 685 2407 825 2469; x_wconf 90' lang='lat' dir='ltr'>studium</span> <span class='ocrx_word' id='word_1_113' title='bbox 844 2411 966 2484; x_wconf 71' lang='lat' dir='ltr'>attulit,</span> 
     </span>
     <span class='ocr_line' id='line_1_21' title="bbox 224 2506 968 2592; baseline 0.003 -21"><span class='ocrx_word' id='word_1_114' title='bbox 224 2509 369 2582; x_wconf 79' lang='lat' dir='ltr'>lucetiis,</span> <span class='ocrx_word' id='word_1_115' title='bbox 404 2506 680 2591; x_wconf 82' lang='lat' dir='ltr'>familiaribusque</span> <span class='ocrx_word' id='word_1_116' title='bbox 705 2509 785 2589; x_wconf 83' lang='lat' dir='ltr'>jocis</span> <span class='ocrx_word' id='word_1_117' title='bbox 808 2523 968 2592; x_wconf 89' lang='lat' dir='ltr'>tempera·</span> 
     </span>
    </p>
   </div>
   <div class='ocr_carea' id='block_1_5' title="bbox 1694 442 1764 508">
    <p class='ocr_par' dir='ltr' id='par_1_6' title="bbox 1694 442 1764 508">
     <span class='ocr_line' id='line_1_22' title="bbox 1694 442 1764 508; baseline -0.029 -1"><span class='ocrx_word' id='word_1_118' title='bbox 1694 442 1764 508; x_wconf 72' lang='lat' dir='ltr'>ott</span> 
     </span>
    </p>
   </div>
   <div class='ocr_carea' id='block_1_6' title="bbox 1021 579 1771 1380">
    <p class='ocr_par' dir='ltr' id='par_1_7' title="bbox 1021 579 1771 1380">
     <span class='ocr_line' id='line_1_23' title="bbox 1021 579 1765 661; baseline -0.001 -7"><span class='ocrx_word' id='word_1_119' title='bbox 1021 604 1166 655; x_wconf 90' lang='lat' dir='ltr'>tremore</span> <span class='ocrx_word' id='word_1_120' title='bbox 1185 587 1283 652; x_wconf 93' lang='lat' dir='ltr'>urbes</span> <span class='ocrx_word' id='word_1_121' title='bbox 1300 586 1460 661; x_wconf 85' lang='lat' dir='ltr'>restituit,</span> <span class='ocrx_word' id='word_1_122' title='bbox 1483 587 1540 650; x_wconf 90' lang='lat' dir='ltr'>sed</span> <span class='ocrx_word' id='word_1_123' title='bbox 1559 589 1651 652; x_wconf 78' lang='lat' dir='ltr'>noris</span> <span class='ocrx_word' id='word_1_124' title='bbox 1669 579 1765 654; x_wconf 83' lang='lat' dir='ltr'>ctiam</span> 
     </span>
     <span class='ocr_line' id='line_1_24' title="bbox 1022 689 1766 777; baseline 0.001 -22"><span class='ocrx_word' id='word_1_125' title='bbox 1022 692 1176 755; x_wconf 82' lang='lat' dir='ltr'>aediliciis</span> <span class='ocrx_word' id='word_1_126' title='bbox 1213 689 1329 753; x_wconf 90' lang='lat' dir='ltr'>urbem</span> <span class='ocrx_word' id='word_1_127' title='bbox 1368 689 1513 766; x_wconf 83' lang='lat' dir='ltr'>ornarit,</span> <span class='ocrx_word' id='word_1_128' title='bbox 1557 690 1644 753; x_wconf 88' lang='lat' dir='ltr'>inter</span> <span class='ocrx_word' id='word_1_129' title='bbox 1684 714 1766 777; x_wconf 88' lang='lat' dir='ltr'>quae</span> 
     </span>
     <span class='ocr_line' id='line_1_25' title="bbox 1021 793 1766 877; baseline 0.004 -23"><span class='ocrx_word' id='word_1_130' title='bbox 1021 794 1178 877; x_wconf 90' lang='lat' dir='ltr'>templum</span> <span class='ocrx_word' id='word_1_131' title='bbox 1211 793 1303 853; x_wconf 84' lang='lat' dir='ltr'>Pacis</span> <span class='ocrx_word' id='word_1_132' title='bbox 1333 804 1468 874; x_wconf 88' lang='lat' dir='ltr'>propter</span> <span class='ocrx_word' id='word_1_133' title='bbox 1501 794 1766 875; x_wconf 81' lang='lat' dir='ltr'>magnitudinem,</span> 
     </span>
     <span class='ocr_line' id='line_1_26' title="bbox 1022 891 1768 976; baseline 0.007 -21"><span class='ocrx_word' id='word_1_134' title='bbox 1022 908 1054 955; x_wconf 91' lang='lat' dir='ltr'>et</span> <span class='ocrx_word' id='word_1_135' title='bbox 1075 892 1345 976; x_wconf 84' lang='lat' dir='ltr'>magnificentiam</span> <span class='ocrx_word' id='word_1_136' title='bbox 1372 891 1575 954; x_wconf 80' lang='lat' dir='ltr'>admirationi</span> <span class='ocrx_word' id='word_1_137' title='bbox 1598 895 1675 970; x_wconf 85' lang='lat' dir='ltr'>tuis,</span> <span class='ocrx_word' id='word_1_138' title='bbox 1703 918 1768 960; x_wconf 90' lang='lat' dir='ltr'>am-</span> 
     </span>
     <span class='ocr_line' id='line_1_27' title="bbox 1022 993 1770 1078; baseline 0.001 -22"><span class='ocrx_word' id='word_1_139' title='bbox 1022 997 1242 1078; x_wconf 86' lang='lat' dir='ltr'>phitheatrum</span> <span class='ocrx_word' id='word_1_140' title='bbox 1275 994 1410 1056; x_wconf 78' lang='lat' dir='ltr'>veroin</span> <span class='ocrx_word' id='word_1_141' title='bbox 1444 993 1529 1056; x_wconf 87' lang='lat' dir='ltr'>bunc</span> <span class='ocrx_word' id='word_1_142' title='bbox 1560 994 1770 1061; x_wconf 82' lang='lat' dir='ltr'>diemmaxi-</span> 
     </span>
     <span class='ocr_line' id='line_1_28' title="bbox 1023 1094 1766 1178; baseline 0.008 -22"><span class='ocrx_word' id='word_1_143' title='bbox 1023 1117 1073 1158; x_wconf 87' lang='lat' dir='ltr'>ma</span> <span class='ocrx_word' id='word_1_144' title='bbox 1086 1098 1134 1157; x_wconf 91' lang='lat' dir='ltr'>sui</span> <span class='ocrx_word' id='word_1_145' title='bbox 1148 1107 1239 1178; x_wconf 88' lang='lat' dir='ltr'>parte</span> <span class='ocrx_word' id='word_1_146' title='bbox 1251 1109 1415 1176; x_wconf 90' lang='lat' dir='ltr'>superstes</span> <span class='ocrx_word' id='word_1_147' title='bbox 1432 1094 1501 1175; x_wconf 84' lang='lat' dir='ltr'>ejus</span> <span class='ocrx_word' id='word_1_148' title='bbox 1515 1094 1684 1160; x_wconf 89' lang='lat' dir='ltr'>liberalem</span> <span class='ocrx_word' id='word_1_149' title='bbox 1702 1101 1766 1162; x_wconf 92' lang='lat' dir='ltr'>ani·</span> 
     </span>
     <span class='ocr_line' id='line_1_29' title="bbox 1023 1195 1768 1293; baseline 0.005 -34"><span class='ocrx_word' id='word_1_150' title='bbox 1023 1219 1110 1260; x_wconf 91' lang='lat' dir='ltr'>mum</span> <span class='ocrx_word' id='word_1_151' title='bbox 1128 1216 1221 1258; x_wconf 86' lang='lat' dir='ltr'>serae</span> <span class='ocrx_word' id='word_1_152' title='bbox 1241 1196 1423 1276; x_wconf 85' lang='lat' dir='ltr'>posteritati</span> <span class='ocrx_word' id='word_1_153' title='bbox 1440 1195 1656 1280; x_wconf 88' lang='lat' dir='ltr'>depraedicat.</span> <span class='ocrx_word' id='word_1_154' title='bbox 1681 1200 1768 1293; x_wconf 82' lang='lat' dir='ltr'>Quin</span> 
     </span>
     <span class='ocr_line' id='line_1_30' title="bbox 1023 1297 1771 1380; baseline 0.004 -19"><span class='ocrx_word' id='word_1_155' title='bbox 1023 1313 1056 1361; x_wconf 91' lang='lat' dir='ltr'>et</span> <span class='ocrx_word' id='word_1_156' title='bbox 1076 1298 1264 1360; x_wconf 91' lang='lat' dir='ltr'>consulares</span> <span class='ocrx_word' id='word_1_157' title='bbox 1283 1297 1398 1378; x_wconf 89' lang='lat' dir='ltr'>inopes</span> <span class='ocrx_word' id='word_1_158' title='bbox 1418 1299 1590 1380; x_wconf 79' lang='lat' dir='ltr'>quingenis</span> <span class='ocrx_word' id='word_1_159' title='bbox 1610 1304 1771 1364; x_wconf 85' lang='lat' dir='ltr'>sestertiis</span> 
     </span>
    </p>
   </div>
   <div class='ocr_carea' id='block_1_7' title="bbox 1024 1396 1950 1482">
    <p class='ocr_par' dir='ltr' id='par_1_8' title="bbox 1024 1396 1950 1482">
     <span class='ocr_line' id='line_1_31' title="bbox 1024 1396 1950 1482; baseline 0.001 -20"><span class='ocrx_word' id='word_1_160' title='bbox 1024 1398 1250 1471; x_wconf 86' lang='lat' dir='ltr'>sustentando,</span> <span class='ocrx_word' id='word_1_161' title='bbox 1275 1396 1411 1480; x_wconf 90' lang='lat' dir='ltr'>aliisque</span> <span class='ocrx_word' id='word_1_162' title='bbox 1434 1397 1681 1463; x_wconf 86' lang='lat' dir='ltr'>liberalitatibus</span> <span class='ocrx_word' id='word_1_163' title='bbox 1704 1425 1771 1465; x_wconf 88' lang='lat' dir='ltr'>me·</span> <span class='ocrx_word' id='word_1_164' title='bbox 1896 1476 1900 1482; x_wconf 28' lang='lat'>¹</span> <span class='ocrx_word' id='word_1_165' title='bbox 1946 1451 1950 1454; x_wconf 90' lang='lat'>.</span> 
     </span>
    </p>
   </div>
   <div class='ocr_carea' id='block_1_8' title="bbox 1024 1499 1837 2578">
    <p class='ocr_par' dir='ltr' id='par_1_9' title="bbox 1024 1499 1837 2288">
     <span class='ocr_line' id='line_1_32' title="bbox 1024 1499 1772 1583; baseline -0.012 -21"><span class='ocrx_word' id='word_1_166' title='bbox 1024 1501 1106 1574; x_wconf 81' lang='lat' dir='ltr'>r&#39;uit,</span> <span class='ocrx_word' id='word_1_167' title='bbox 1127 1514 1160 1561; x_wconf 88' lang='lat' dir='ltr'>ut</span> <span class='ocrx_word' id='word_1_168' title='bbox 1176 1500 1207 1559; x_wconf 90' lang='lat' dir='ltr'>in</span> <span class='ocrx_word' id='word_1_169' title='bbox 1227 1518 1323 1559; x_wconf 88' lang='lat' dir='ltr'>omne</span> <span class='ocrx_word' id='word_1_170' title='bbox 1342 1499 1509 1560; x_wconf 88' lang='lat' dir='ltr'>bominum</span> <span class='ocrx_word' id='word_1_171' title='bbox 1531 1521 1633 1583; x_wconf 67' lang='lat' dir='ltr'>genus</span> <span class='ocrx_word' id='word_1_172' title='bbox 1652 1503 1772 1568; x_wconf 57' lang='lat' dir='ltr'>liberas</span> 
     </span>
     <span class='ocr_line' id='line_1_33' title="bbox 1025 1592 1625 1681; baseline 0.005 -18"><span class='ocrx_word' id='word_1_173' title='bbox 1025 1601 1165 1664; x_wconf 88' lang='lat' dir='ltr'>lissimus</span> <span class='ocrx_word' id='word_1_174' title='bbox 1183 1623 1199 1661; x_wconf 92' lang='lat' dir='ltr'>a</span> <span class='ocrx_word' id='word_1_175' title='bbox 1219 1598 1377 1661; x_wconf 85' lang='lat' dir='ltr'>Suetonio</span> <span class='ocrx_word' id='word_1_176' title='bbox 1399 1592 1565 1664; x_wconf 86' lang='lat' dir='ltr'>diceretur</span> <span class='ocrx_word' id='word_1_177' title='bbox 1584 1604 1625 1681; x_wconf 83' lang='lat' dir='ltr'>c).</span> 
     </span>
     <span class='ocr_line' id='line_1_34' title="bbox 1166 1701 1773 1775; baseline 0.01 -14"><span class='ocrx_word' id='word_1_178' title='bbox 1166 1701 1253 1764; x_wconf 85' lang='lat' dir='ltr'>IMP.</span> <span class='ocrx_word' id='word_1_179' title='bbox 1263 1701 1443 1767; x_wconf 73' lang='lat' dir='ltr'>CAESAR.</span> <span class='ocrx_word' id='word_1_180' title='bbox 1454 1703 1773 1775; x_wconf 61' lang='lat' dir='ltr'>VusrasutNVsa</span> 
     </span>
     <span class='ocr_line' id='line_1_35' title="bbox 1166 1800 1772 1880; baseline 0.01 -18"><span class='ocrx_word' id='word_1_181' title='bbox 1166 1800 1267 1863; x_wconf 79' lang='lat' dir='ltr'>Avo.</span> <span class='ocrx_word' id='word_1_182' title='bbox 1290 1803 1610 1880; x_wconf 78' lang='lat' dir='ltr'>Caputlaureatum.</span> <span class='ocrx_word' id='word_1_183' title='bbox 1737 1832 1738 1837; x_wconf 48' lang='lat'>¹</span> <span class='ocrx_word' id='word_1_184' title='bbox 1767 1823 1772 1834; x_wconf 69' lang='lat'><strong>¹</strong></span> 
     </span>
     <span class='ocr_line' id='line_1_36' title="bbox 1027 1902 1837 1987; baseline 0.002 -22"><span class='ocrx_word' id='word_1_185' title='bbox 1027 1904 1121 1966; x_wconf 76' lang='lat'>(108.</span> <span class='ocrx_word' id='word_1_186' title='bbox 1139 1903 1326 1970; x_wconf 54' lang='lat' dir='ltr'>thttrttt.</span> <span class='ocrx_word' id='word_1_187' title='bbox 1346 1902 1447 1965; x_wconf 75' lang='lat' dir='ltr'>PO&#39;l&#39;.</span> <span class='ocrx_word' id='word_1_188' title='bbox 1461 1906 1500 1968; x_wconf 83' lang='lat' dir='ltr'>X.</span> <span class='ocrx_word' id='word_1_189' title='bbox 1525 1906 1648 1968; x_wconf 85' lang='lat' dir='ltr'>Statua</span> <span class='ocrx_word' id='word_1_190' title='bbox 1663 1911 1772 1987; x_wconf 82' lang='lat' dir='ltr'>cupite</span> <span class='ocrx_word' id='word_1_191' title='bbox 1833 1979 1837 1987; x_wconf 35' lang='grc' dir='ltr'>Ι</span> 
     </span>
     <span class='ocr_line' id='line_1_37' title="bbox 1026 2004 1772 2087; baseline 0.001 -20"><span class='ocrx_word' id='word_1_192' title='bbox 1026 2009 1160 2068; x_wconf 83' lang='lat' dir='ltr'>radiato</span> <span class='ocrx_word' id='word_1_193' title='bbox 1189 2008 1220 2068; x_wconf 83' lang='lat' dir='ltr'>d.</span> <span class='ocrx_word' id='word_1_194' title='bbox 1243 2004 1376 2087; x_wconf 74' lang='lat' dir='ltr'>aaaron</span> <span class='ocrx_word' id='word_1_195' title='bbox 1406 2009 1566 2069; x_wconf 77' lang='lat' dir='ltr'>insistens</span> <span class='ocrx_word' id='word_1_196' title='bbox 1597 2009 1772 2069; x_wconf 85' lang='lat' dir='ltr'>columnae</span> 
     </span>
     <span class='ocr_line' id='line_1_38' title="bbox 1026 2104 1774 2185; baseline 0.003 -20"><span class='ocrx_word' id='word_1_197' title='bbox 1026 2119 1199 2168; x_wconf 83' lang='lat' dir='ltr'>rostratae.</span> <span class='ocrx_word' id='word_1_198' title='bbox 1230 2107 1266 2166; x_wconf 89' lang='lat' dir='ltr'>Iu</span> <span class='ocrx_word' id='word_1_199' title='bbox 1281 2104 1367 2166; x_wconf 86' lang='lat' dir='ltr'>aliis:</span> <span class='ocrx_word' id='word_1_200' title='bbox 1395 2106 1633 2185; x_wconf 81' lang='lat' dir='ltr'>Capricornus,</span> <span class='ocrx_word' id='word_1_201' title='bbox 1658 2111 1774 2170; x_wconf 84' lang='lat' dir='ltr'>Victo·</span> 
     </span>
     <span class='ocr_line' id='line_1_39' title="bbox 1026 2205 1582 2288; baseline 0.007 -22"><span class='ocrx_word' id='word_1_202' title='bbox 1026 2211 1079 2268; x_wconf 87' lang='lat' dir='ltr'>ria</span> <span class='ocrx_word' id='word_1_203' title='bbox 1095 2220 1156 2268; x_wconf 84' lang='lat' dir='ltr'>etc.</span> <span class='ocrx_word' id='word_1_204' title='bbox 1181 2206 1250 2272; x_wconf 74' lang='lat' dir='ltr'>AV.</span> <span class='ocrx_word' id='word_1_205' title='bbox 1269 2205 1337 2269; x_wconf 76' lang='lat' dir='ltr'>All.</span> <span class='ocrx_word' id='word_1_206' title='bbox 1357 2207 1455 2286; x_wconf 81' lang='lat' dir='ltr'>(Mus.</span> <span class='ocrx_word' id='word_1_207' title='bbox 1474 2206 1582 2288; x_wconf 87' lang='lat' dir='ltr'>Caes.)</span> 
     </span>
    </p>

    <p class='ocr_par' dir='ltr' id='par_1_10' title="bbox 1026 2307 1774 2578">
     <span class='ocr_line' id='line_1_40' title="bbox 1084 2307 1774 2392; baseline 0.004 -25"><span class='ocrx_word' id='word_1_208' title='bbox 1084 2309 1136 2369; x_wconf 88' lang='lat' dir='ltr'>De</span> <span class='ocrx_word' id='word_1_209' title='bbox 1155 2326 1287 2368; x_wconf 80' lang='lat' dir='ltr'>aversae</span> <span class='ocrx_word' id='word_1_210' title='bbox 1312 2307 1432 2388; x_wconf 88' lang='lat' dir='ltr'>prioris</span> <span class='ocrx_word' id='word_1_211' title='bbox 1456 2320 1532 2388; x_wconf 85' lang='lat' dir='ltr'>typo</span> <span class='ocrx_word' id='word_1_212' title='bbox 1558 2309 1621 2388; x_wconf 85' lang='lat' dir='ltr'>jam</span> <span class='ocrx_word' id='word_1_213' title='bbox 1639 2310 1774 2392; x_wconf 75' lang='lat' dir='ltr'>egimus</span> 
     </span>
     <span class='ocr_line' id='line_1_41' title="bbox 1026 2406 1774 2495; baseline 0 -25"><span class='ocrx_word' id='word_1_214' title='bbox 1026 2409 1065 2470; x_wconf 91' lang='lat' dir='ltr'>ad</span> <span class='ocrx_word' id='word_1_215' title='bbox 1090 2409 1130 2472; x_wconf 85' lang='lat' dir='ltr'>V.</span> <span class='ocrx_word' id='word_1_216' title='bbox 1149 2410 1189 2470; x_wconf 67' lang='lat' dir='ltr'>Cr</span> <span class='ocrx_word' id='word_1_217' title='bbox 1203 2409 1285 2488; x_wconf 69' lang='lat'>829,</span> <span class='ocrx_word' id='word_1_218' title='bbox 1317 2406 1437 2492; x_wconf 89' lang='lat' dir='ltr'>reliqui</span> <span class='ocrx_word' id='word_1_219' title='bbox 1455 2410 1670 2495; x_wconf 87' lang='lat' dir='ltr'>memorabile</span> <span class='ocrx_word' id='word_1_220' title='bbox 1687 2412 1774 2470; x_wconf 75' lang='lat' dir='ltr'>nibil</span> 
     </span>
     <span class='ocr_line' id='line_1_42' title="bbox 1027 2508 1299 2578; baseline 0 -8"><span class='ocrx_word' id='word_1_221' title='bbox 1027 2508 1187 2573; x_wconf 81' lang='lat' dir='ltr'>adferunt.</span> <span class='ocrx_word' id='word_1_222' title='bbox 1296 2574 1299 2578; x_wconf 45' lang='lat'>.</span> 
     </span>
    </p>
   </div>
   <div class='ocr_carea' id='block_1_9' title="bbox 222 2610 1035 2693">
    <p class='ocr_par' dir='ltr' id='par_1_11' title="bbox 222 2610 1035 2693">
     <span class='ocr_line' id='line_1_43' title="bbox 222 2610 1035 2693; baseline 0.005 -23"><span class='ocrx_word' id='word_1_223' title='bbox 222 2631 261 2672; x_wconf 90' lang='lat' dir='ltr'>re</span> <span class='ocrx_word' id='word_1_224' title='bbox 288 2612 401 2672; x_wconf 79' lang='lat' dir='ltr'>solitus</span> <span class='ocrx_word' id='word_1_225' title='bbox 432 2624 518 2685; x_wconf 88' lang='lat' dir='ltr'>erat,</span> <span class='ocrx_word' id='word_1_226' title='bbox 552 2629 690 2692; x_wconf 91' lang='lat' dir='ltr'>quorum</span> <span class='ocrx_word' id='word_1_227' title='bbox 715 2610 970 2693; x_wconf 82' lang='lat' dir='ltr'>complura&#39;ex·</span> <span class='ocrx_word' id='word_1_228' title='bbox 1031 2635 1035 2639; x_wconf 87' lang='lat'><em>·</em></span> 
     </span>
    </p>
   </div>
   <div class='ocr_carea' id='block_1_10' title="bbox 223 2711 968 2796">
    <p class='ocr_par' dir='ltr' id='par_1_12' title="bbox 223 2711 968 2796">
     <span class='ocr_line' id='line_1_44' title="bbox 223 2711 968 2796; baseline 0.005 -24"><span class='ocrx_word' id='word_1_229' title='bbox 223 2713 333 2795; x_wconf 83' lang='lat' dir='ltr'>empla</span> <span class='ocrx_word' id='word_1_230' title='bbox 363 2711 506 2794; x_wconf 89' lang='lat' dir='ltr'>prodidit</span> <span class='ocrx_word' id='word_1_231' title='bbox 537 2711 723 2773; x_wconf 86' lang='lat' dir='ltr'>Suetonius.</span> <span class='ocrx_word' id='word_1_232' title='bbox 767 2716 846 2775; x_wconf 89' lang='lat' dir='ltr'>Tam</span> <span class='ocrx_word' id='word_1_233' title='bbox 878 2735 968 2796; x_wconf 91' lang='lat' dir='ltr'>prae·</span> 
     </span>
    </p>
   </div>
   <div class='ocr_carea' id='block_1_11' title="bbox 224 2811 1036 2998">
    <p class='ocr_par' dir='ltr' id='par_1_13' title="bbox 224 2811 1036 2998">
     <span class='ocr_line' id='line_1_45' title="bbox 226 2811 1033 2894; baseline 0.002 -19"><span class='ocrx_word' id='word_1_234' title='bbox 226 2813 333 2875; x_wconf 90' lang='lat' dir='ltr'>clsros</span> <span class='ocrx_word' id='word_1_235' title='bbox 358 2833 467 2874; x_wconf 88' lang='lat' dir='ltr'>mores</span> <span class='ocrx_word' id='word_1_236' title='bbox 499 2832 560 2874; x_wconf 90' lang='lat' dir='ltr'>una</span> <span class='ocrx_word' id='word_1_237' title='bbox 588 2811 746 2894; x_wconf 88' lang='lat' dir='ltr'>pecuniae</span> <span class='ocrx_word' id='word_1_238' title='bbox 776 2835 969 2878; x_wconf 85' lang='lat' dir='ltr'>ooacervau·</span> <span class='ocrx_word' id='word_1_239' title='bbox 1032 2835 1033 2838; x_wconf 45' lang='lat'>¹</span> 
     </span>
     <span class='ocr_line' id='line_1_46' title="bbox 224 2913 1036 2998; baseline 0.005 -24"><span class='ocrx_word' id='word_1_240' title='bbox 224 2913 286 2978; x_wconf 88' lang='lat' dir='ltr'>dae</span> <span class='ocrx_word' id='word_1_241' title='bbox 319 2913 491 2997; x_wconf 87' lang='lat' dir='ltr'>cupiditas,</span> <span class='ocrx_word' id='word_1_242' title='bbox 530 2926 564 2973; x_wconf 90' lang='lat' dir='ltr'>et</span> <span class='ocrx_word' id='word_1_243' title='bbox 592 2913 722 2996; x_wconf 89' lang='lat' dir='ltr'>indigna</span> <span class='ocrx_word' id='word_1_244' title='bbox 762 2937 802 2978; x_wconf 92' lang='lat' dir='ltr'>eo</span> <span class='ocrx_word' id='word_1_245' title='bbox 839 2916 969 2998; x_wconf 78' lang='lat' dir='ltr'>fastigio</span> <span class='ocrx_word' id='word_1_246' title='bbox 1031 2945 1036 2954; x_wconf 95' lang='lat'><strong>·</strong></span> 
     </span>
    </p>
   </div>
   <div class='ocr_carea' id='block_1_12' title="bbox 224 3015 971 3402">
    <p class='ocr_par' dir='ltr' id='par_1_14' title="bbox 224 3015 971 3402">
     <span class='ocr_line' id='line_1_47' title="bbox 225 3015 969 3096; baseline 0.005 -19"><span class='ocrx_word' id='word_1_247' title='bbox 225 3016 356 3080; x_wconf 82' lang='lat' dir='ltr'>avaritia</span> <span class='ocrx_word' id='word_1_248' title='bbox 390 3035 603 3096; x_wconf 89' lang='lat' dir='ltr'>corrumpere</span> <span class='ocrx_word' id='word_1_249' title='bbox 634 3028 683 3077; x_wconf 90' lang='lat' dir='ltr'>est</span> <span class='ocrx_word' id='word_1_250' title='bbox 715 3015 801 3093; x_wconf 82' lang='lat' dir='ltr'>visa,</span> <span class='ocrx_word' id='word_1_251' title='bbox 824 3021 969 3081; x_wconf 71' lang='lat' dir='ltr'>‘tametsi</span> 
     </span>
     <span class='ocr_line' id='line_1_48' title="bbox 226 3116 971 3200; baseline 0.003 -22"><span class='ocrx_word' id='word_1_252' title='bbox 226 3131 362 3200; x_wconf 88' lang='lat' dir='ltr'>propter</span> <span class='ocrx_word' id='word_1_253' title='bbox 384 3116 573 3179; x_wconf 82' lang='lat' dir='ltr'>exhaustum</span> <span class='ocrx_word' id='word_1_254' title='bbox 592 3117 719 3199; x_wconf 89' lang='lat' dir='ltr'>penitus</span> <span class='ocrx_word' id='word_1_255' title='bbox 747 3119 908 3180; x_wconf 90' lang='lat' dir='ltr'>aerarium</span> <span class='ocrx_word' id='word_1_256' title='bbox 930 3119 971 3183; x_wconf 89' lang='lat' dir='ltr'>ad</span> 
     </span>
     <span class='ocr_line' id='line_1_49' title="bbox 224 3217 969 3301; baseline 0.003 -21"><span class='ocrx_word' id='word_1_257' title='bbox 224 3239 279 3281; x_wconf 88' lang='lat' dir='ltr'>eas</span> <span class='ocrx_word' id='word_1_258' title='bbox 299 3238 333 3279; x_wconf 86' lang='lat' dir='ltr'>se</span> <span class='ocrx_word' id='word_1_259' title='bbox 351 3217 465 3279; x_wconf 87' lang='lat' dir='ltr'>sordes</span> <span class='ocrx_word' id='word_1_260' title='bbox 486 3218 518 3281; x_wconf 87' lang='lat' dir='ltr'>ri</span> <span class='ocrx_word' id='word_1_261' title='bbox 533 3221 735 3300; x_wconf 89' lang='lat' dir='ltr'>compulsum</span> <span class='ocrx_word' id='word_1_262' title='bbox 747 3219 969 3301; x_wconf 80' lang='lat' dir='ltr'>profiteretur.</span> 
     </span>
     <span class='ocr_line' id='line_1_50' title="bbox 225 3320 968 3402; baseline 0.003 -22"><span class='ocrx_word' id='word_1_263' title='bbox 225 3320 316 3382; x_wconf 88' lang='lat' dir='ltr'>ldem</span> <span class='ocrx_word' id='word_1_264' title='bbox 342 3338 467 3395; x_wconf 89' lang='lat' dir='ltr'>tamen,</span> <span class='ocrx_word' id='word_1_265' title='bbox 496 3320 551 3402; x_wconf 85' lang='lat' dir='ltr'>qui</span> <span class='ocrx_word' id='word_1_266' title='bbox 581 3321 730 3401; x_wconf 85' lang='lat' dir='ltr'>privatim</span> <span class='ocrx_word' id='word_1_267' title='bbox 760 3341 892 3402; x_wconf 90' lang='lat' dir='ltr'>parcas,</span> <span class='ocrx_word' id='word_1_268' title='bbox 924 3323 968 3386; x_wconf 85' lang='lat' dir='ltr'>vi·</span> 
     </span>
    </p>
   </div>
   <div class='ocr_carea' id='block_1_13' title="bbox 1027 2692 1804 3298">
    <p class='ocr_par' dir='ltr' id='par_1_15' title="bbox 1110 2692 1764 2994">
     <span class='ocr_line' id='line_1_51' title="bbox 1110 2692 1539 2774; baseline -0.009 -18"><span class='ocrx_word' id='word_1_269' title='bbox 1110 2754 1122 2771; x_wconf 68' lang='grc'><strong><em>,</em></strong></span> <span class='ocrx_word' id='word_1_270' title='bbox 1259 2692 1385 2756; x_wconf 77' lang='lat' dir='ltr'>Numi</span> <span class='ocrx_word' id='word_1_271' title='bbox 1416 2697 1539 2774; x_wconf 62' lang='lat' dir='ltr'>aagd</span> 
     </span>
     <span class='ocr_line' id='line_1_52' title="bbox 1167 2809 1764 2887; baseline -0.002 -16"><span class='ocrx_word' id='word_1_272' title='bbox 1167 2809 1764 2887; x_wconf 76' lang='lat' dir='ltr'>luP.caEsa1t.vEsPasttth8.</span> 
     </span>
     <span class='ocr_line' id='line_1_53' title="bbox 1167 2907 1622 2994; baseline 0.013 -22"><span class='ocrx_word' id='word_1_273' title='bbox 1167 2907 1269 2978; x_wconf 80' lang='lat' dir='ltr'>AVG.</span> <span class='ocrx_word' id='word_1_274' title='bbox 1297 2914 1404 2994; x_wconf 83' lang='lat' dir='ltr'>Caput</span> <span class='ocrx_word' id='word_1_275' title='bbox 1422 2912 1622 2978; x_wconf 82' lang='lat' dir='ltr'>laureatum.</span> 
     </span>
    </p>

    <p class='ocr_par' dir='ltr' id='par_1_16' title="bbox 1027 3012 1804 3098">
     <span class='ocr_line' id='line_1_54' title="bbox 1027 3012 1804 3098; baseline 0.001 -24"><span class='ocrx_word' id='word_1_276' title='bbox 1027 3012 1319 3077; x_wconf 79' lang='lat' dir='ltr'>AETERNITAS.</span> <span class='ocrx_word' id='word_1_277' title='bbox 1349 3013 1474 3095; x_wconf 76' lang='lat' dir='ltr'>Figura</span> <span class='ocrx_word' id='word_1_278' title='bbox 1493 3025 1588 3075; x_wconf 87' lang='lat' dir='ltr'>stans</span> <span class='ocrx_word' id='word_1_279' title='bbox 1604 3017 1649 3077; x_wconf 85' lang='lat' dir='ltr'>ad</span> <span class='ocrx_word' id='word_1_280' title='bbox 1666 3034 1769 3088; x_wconf 87' lang='lat' dir='ltr'>aram,</span> <span class='ocrx_word' id='word_1_281' title='bbox 1798 3088 1804 3098; x_wconf 33' lang='grc' dir='ltr'>ι</span> 
     </span>
    </p>

    <p class='ocr_par' dir='ltr' id='par_1_17' title="bbox 1027 3111 1775 3197">
     <span class='ocr_line' id='line_1_55' title="bbox 1027 3111 1775 3197; baseline 0.001 -21"><span class='ocrx_word' id='word_1_282' title='bbox 1027 3117 1060 3179; x_wconf 81' lang='lat' dir='ltr'>d.</span> <span class='ocrx_word' id='word_1_283' title='bbox 1077 3131 1176 3195; x_wconf 85' lang='lat' dir='ltr'>caput</span> <span class='ocrx_word' id='word_1_284' title='bbox 1196 3115 1301 3192; x_wconf 70' lang='lat' dir='ltr'>Sella,</span> <span class='ocrx_word' id='word_1_285' title='bbox 1323 3136 1354 3180; x_wconf 82' lang='lat' dir='ltr'>s.</span> <span class='ocrx_word' id='word_1_286' title='bbox 1368 3115 1494 3180; x_wconf 76' lang='lat' dir='ltr'>Lanae.</span> <span class='ocrx_word' id='word_1_287' title='bbox 1534 3111 1606 3183; x_wconf 75' lang='lat' dir='ltr'>AV.</span> <span class='ocrx_word' id='word_1_288' title='bbox 1631 3113 1775 3197; x_wconf 71' lang='lat' dir='ltr'>(Medio-</span> 
     </span>
    </p>

    <p class='ocr_par' dir='ltr' id='par_1_18' title="bbox 1028 3216 1773 3298">
     <span class='ocr_line' id='line_1_56' title="bbox 1028 3216 1773 3298; baseline 0 -20"><span class='ocrx_word' id='word_1_289' title='bbox 1028 3216 1135 3298; x_wconf 88' lang='lat' dir='ltr'>barb.)</span> <span class='ocrx_word' id='word_1_290' title='bbox 1423 3253 1432 3286; x_wconf 79' lang='lat'><strong>.</strong></span> <span class='ocrx_word' id='word_1_291' title='bbox 1771 3239 1773 3245; x_wconf 92' lang='lat'>·</span> 
     </span>
    </p>
   </div>
   <div class='ocr_carea' id='block_1_14' title="bbox 1089 3316 1772 3398">
    <p class='ocr_par' dir='ltr' id='par_1_19' title="bbox 1089 3316 1772 3398">
     <span class='ocr_line' id='line_1_57' title="bbox 1089 3316 1772 3398; baseline 0.001 -20"><span class='ocrx_word' id='word_1_292' title='bbox 1089 3320 1180 3381; x_wconf 90' lang='lat' dir='ltr'>Haec</span> <span class='ocrx_word' id='word_1_293' title='bbox 1205 3338 1320 3382; x_wconf 81' lang='lat' dir='ltr'>aversa</span> <span class='ocrx_word' id='word_1_294' title='bbox 1342 3336 1428 3378; x_wconf 92' lang='lat' dir='ltr'>uunc</span> <span class='ocrx_word' id='word_1_295' title='bbox 1451 3316 1591 3398; x_wconf 85' lang='lat' dir='ltr'>primum</span> <span class='ocrx_word' id='word_1_296' title='bbox 1617 3320 1772 3381; x_wconf 90' lang='lat' dir='ltr'>occurrit.</span> 
     </span>
    </p>
   </div>
   <div class='ocr_carea' id='block_1_15' title="bbox 223 3414 1774 3502">
    <p class='ocr_par' dir='ltr' id='par_1_20' title="bbox 223 3414 1774 3502">
     <span class='ocr_line' id='line_1_58' title="bbox 223 3414 1774 3502; baseline -0.002 -21"><span class='ocrx_word' id='word_1_297' title='bbox 223 3434 276 3483; x_wconf 88' lang='lat' dir='ltr'>tae</span> <span class='ocrx_word' id='word_1_298' title='bbox 304 3421 469 3496; x_wconf 91' lang='lat' dir='ltr'>modicae,</span> <span class='ocrx_word' id='word_1_299' title='bbox 510 3433 543 3482; x_wconf 91' lang='lat' dir='ltr'>et</span> <span class='ocrx_word' id='word_1_300' title='bbox 568 3420 602 3480; x_wconf 91' lang='lat' dir='ltr'>in</span> <span class='ocrx_word' id='word_1_301' title='bbox 631 3420 850 3483; x_wconf 83' lang='lat' dir='ltr'>exactionibus</span> <span class='ocrx_word' id='word_1_302' title='bbox 877 3443 968 3486; x_wconf 82' lang='lat' dir='ltr'>seve·</span> <span class='ocrx_word' id='word_1_303' title='bbox 1026 3420 1129 3494; x_wconf 81' lang='lat' dir='ltr'>Vide,</span> <span class='ocrx_word' id='word_1_304' title='bbox 1164 3438 1246 3502; x_wconf 89' lang='lat' dir='ltr'>quae</span> <span class='ocrx_word' id='word_1_305' title='bbox 1277 3416 1318 3479; x_wconf 88' lang='lat' dir='ltr'>de</span> <span class='ocrx_word' id='word_1_306' title='bbox 1341 3437 1379 3479; x_wconf 90' lang='lat' dir='ltr'>ea</span> <span class='ocrx_word' id='word_1_307' title='bbox 1401 3414 1582 3480; x_wconf 88' lang='lat' dir='ltr'>notabimus</span> <span class='ocrx_word' id='word_1_308' title='bbox 1610 3418 1643 3476; x_wconf 90' lang='lat' dir='ltr'>in</span> <span class='ocrx_word' id='word_1_309' title='bbox 1666 3420 1774 3478; x_wconf 91' lang='lat' dir='ltr'>aumis</span> 
     </span>
    </p>
   </div>
   <div class='ocr_carea' id='block_1_16' title="bbox 224 3523 972 4315">
    <p class='ocr_par' dir='ltr' id='par_1_21' title="bbox 224 3523 972 4315">
     <span class='ocr_line' id='line_1_59' title="bbox 224 3523 970 3605; baseline -0.003 -17"><span class='ocrx_word' id='word_1_310' title='bbox 224 3544 280 3588; x_wconf 88' lang='lat' dir='ltr'>rus</span> <span class='ocrx_word' id='word_1_311' title='bbox 306 3524 384 3597; x_wconf 87' lang='lat' dir='ltr'>suit,</span> <span class='ocrx_word' id='word_1_312' title='bbox 422 3524 558 3605; x_wconf 82' lang='lat' dir='ltr'>egregie</span> <span class='ocrx_word' id='word_1_313' title='bbox 592 3543 628 3584; x_wconf 90' lang='lat' dir='ltr'>ac</span> <span class='ocrx_word' id='word_1_314' title='bbox 658 3523 790 3603; x_wconf 79' lang='lat' dir='ltr'>profuse</span> <span class='ocrx_word' id='word_1_315' title='bbox 826 3523 970 3586; x_wconf 86' lang='lat' dir='ltr'>liberalis</span> 
     </span>
     <span class='ocr_line' id='line_1_60' title="bbox 226 3622 970 3706; baseline -0.003 -16"><span class='ocrx_word' id='word_1_316' title='bbox 226 3624 303 3700; x_wconf 83' lang='lat' dir='ltr'>tuit,</span> <span class='ocrx_word' id='word_1_317' title='bbox 346 3645 419 3687; x_wconf 90' lang='lat' dir='ltr'>cum</span> <span class='ocrx_word' id='word_1_318' title='bbox 446 3623 486 3685; x_wconf 90' lang='lat' dir='ltr'>ad</span> <span class='ocrx_word' id='word_1_319' title='bbox 512 3622 771 3706; x_wconf 81' lang='lat' dir='ltr'>amplificandum</span> <span class='ocrx_word' id='word_1_320' title='bbox 795 3624 903 3700; x_wconf 91' lang='lat' dir='ltr'>urbis,</span> <span class='ocrx_word' id='word_1_321' title='bbox 933 3646 970 3688; x_wconf 85' lang='lat' dir='ltr'>ac</span> 
     </span>
     <span class='ocr_line' id='line_1_61' title="bbox 229 3725 970 3809; baseline -0.003 -20"><span class='ocrx_word' id='word_1_322' title='bbox 229 3725 361 3809; x_wconf 87' lang='lat' dir='ltr'>imperii</span> <span class='ocrx_word' id='word_1_323' title='bbox 391 3725 491 3786; x_wconf 86' lang='lat' dir='ltr'>decus</span> <span class='ocrx_word' id='word_1_324' title='bbox 514 3740 658 3807; x_wconf 90' lang='lat' dir='ltr'>sumptus</span> <span class='ocrx_word' id='word_1_325' title='bbox 688 3740 780 3787; x_wconf 91' lang='lat' dir='ltr'>erant</span> <span class='ocrx_word' id='word_1_326' title='bbox 811 3726 970 3807; x_wconf 79' lang='lat' dir='ltr'>iaciendi3</span> 
     </span>
     <span class='ocr_line' id='line_1_62' title="bbox 226 3825 971 3909; baseline -0.001 -19"><span class='ocrx_word' id='word_1_327' title='bbox 226 3849 298 3891; x_wconf 86' lang='lat' dir='ltr'>nam</span> <span class='ocrx_word' id='word_1_328' title='bbox 324 3848 388 3887; x_wconf 90' lang='lat' dir='ltr'>nou</span> <span class='ocrx_word' id='word_1_329' title='bbox 417 3825 515 3887; x_wconf 90' lang='lat' dir='ltr'>modo</span> <span class='ocrx_word' id='word_1_330' title='bbox 545 3826 737 3909; x_wconf 87' lang='lat' dir='ltr'>Capitolium</span> <span class='ocrx_word' id='word_1_331' title='bbox 765 3827 883 3907; x_wconf 89' lang='lat' dir='ltr'>insigni</span> <span class='ocrx_word' id='word_1_332' title='bbox 908 3849 971 3889; x_wconf 90' lang='lat' dir='ltr'>ma·</span> 
     </span>
     <span class='ocr_line' id='line_1_63' title="bbox 228 3929 972 4015; baseline 0 -26"><span class='ocrx_word' id='word_1_333' title='bbox 228 3929 416 4015; x_wconf 83' lang='lat' dir='ltr'>guilicentia</span> <span class='ocrx_word' id='word_1_334' title='bbox 438 3930 613 4003; x_wconf 86' lang='lat' dir='ltr'>exstruxit,</span> <span class='ocrx_word' id='word_1_335' title='bbox 638 3929 764 4012; x_wconf 89' lang='lat' dir='ltr'>reliqua</span> <span class='ocrx_word' id='word_1_336' title='bbox 784 3948 972 3989; x_wconf 89' lang='lat' dir='ltr'>monumen·</span> 
     </span>
     <span class='ocr_line' id='line_1_64' title="bbox 227 4028 971 4112; baseline -0.001 -21"><span class='ocrx_word' id='word_1_337' title='bbox 227 4043 258 4096; x_wconf 85' lang='lat' dir='ltr'>ts</span> <span class='ocrx_word' id='word_1_338' title='bbox 286 4028 405 4091; x_wconf 88' lang='lat' dir='ltr'>eodem</span> <span class='ocrx_word' id='word_1_339' title='bbox 438 4049 511 4090; x_wconf 89' lang='lat' dir='ltr'>cum</span> <span class='ocrx_word' id='word_1_340' title='bbox 534 4029 694 4112; x_wconf 83' lang='lat' dir='ltr'>Capitolio</span> <span class='ocrx_word' id='word_1_341' title='bbox 725 4029 878 4092; x_wconf 89' lang='lat' dir='ltr'>incendio</span> <span class='ocrx_word' id='word_1_342' title='bbox 901 4048 971 4090; x_wconf 88' lang='lat' dir='ltr'>cor·</span> 
     </span>
     <span class='ocr_line' id='line_1_65' title="bbox 228 4129 972 4214; baseline -0.003 -22"><span class='ocrx_word' id='word_1_343' title='bbox 228 4145 322 4214; x_wconf 88' lang='lat' dir='ltr'>rupta</span> <span class='ocrx_word' id='word_1_344' title='bbox 346 4130 525 4212; x_wconf 82' lang='lat' dir='ltr'>repararit,</span> <span class='ocrx_word' id='word_1_345' title='bbox 565 4130 799 4213; x_wconf 89' lang='lat' dir='ltr'>aquaeductus,</span> <span class='ocrx_word' id='word_1_346' title='bbox 840 4150 877 4194; x_wconf 86' lang='lat' dir='ltr'>ec</span> <span class='ocrx_word' id='word_1_347' title='bbox 905 4129 972 4191; x_wconf 83' lang='lat' dir='ltr'>sias</span> 
     </span>
     <span class='ocr_line' id='line_1_66' title="bbox 228 4230 971 4315; baseline 0 -23"><span class='ocrx_word' id='word_1_348' title='bbox 228 4251 288 4314; x_wconf 88' lang='lat' dir='ltr'>per</span> <span class='ocrx_word' id='word_1_349' title='bbox 316 4232 492 4315; x_wconf 89' lang='lat' dir='ltr'>imperium</span> <span class='ocrx_word' id='word_1_350' title='bbox 522 4231 665 4306; x_wconf 83' lang='lat' dir='ltr'>vitiatas,</span> <span class='ocrx_word' id='word_1_351' title='bbox 697 4230 841 4294; x_wconf 72' lang='lat' dir='ltr'>adssi&#39;etas</span> <span class='ocrx_word' id='word_1_352' title='bbox 863 4244 971 4293; x_wconf 87' lang='lat' dir='ltr'>terrae</span> 
     </span>
    </p>
   </div>
   <div class='ocr_carea' id='block_1_17' title="bbox 265 4543 1011 4615">
    <p class='ocr_par' dir='ltr' id='par_1_22' title="bbox 265 4543 1011 4615">
     <span class='ocr_line' id='line_1_67' title="bbox 265 4543 1011 4615; baseline -0.001 -17"><span class='ocrx_word' id='word_1_353' title='bbox 265 4548 294 4611; x_wconf 89' lang='lat' dir='ltr'>s)</span> <span class='ocrx_word' id='word_1_354' title='bbox 315 4545 369 4600; x_wconf 87' lang='lat' dir='ltr'>Dio</span> <span class='ocrx_word' id='word_1_355' title='bbox 386 4544 528 4606; x_wconf 80' lang='lat' dir='ltr'>1..va1.</span> <span class='ocrx_word' id='word_1_356' title='bbox 544 4549 569 4615; x_wconf 54' lang='grc' dir='ltr'>ᾗ.</span> <span class='ocrx_word' id='word_1_357' title='bbox 581 4548 622 4608; x_wconf 82' lang='lat'>16.</span> <span class='ocrx_word' id='word_1_358' title='bbox 642 4544 790 4600; x_wconf 83' lang='lat' dir='ltr'>Plutarch.</span> <span class='ocrx_word' id='word_1_359' title='bbox 807 4543 835 4599; x_wconf 90' lang='lat' dir='ltr'>iu</span> <span class='ocrx_word' id='word_1_360' title='bbox 853 4544 1011 4600; x_wconf 71' lang='lat' dir='ltr'>emata-io.</span> 
     </span>
    </p>
   </div>
   <div class='ocr_carea' id='block_1_18' title="bbox 231 4633 479 4819">
    <p class='ocr_par' dir='ltr' id='par_1_23' title="bbox 231 4633 479 4819">
     <span class='ocr_line' id='line_1_68' title="bbox 231 4633 442 4692; baseline 0.014 -4"><span class='ocrx_word' id='word_1_361' title='bbox 231 4633 260 4692; x_wconf 83' lang='lat' dir='ltr'>t.</span> <span class='ocrx_word' id='word_1_362' title='bbox 270 4635 300 4690; x_wconf 76' lang='grc' dir='ltr'>ι.</span> <span class='ocrx_word' id='word_1_363' title='bbox 318 4635 368 4691; x_wconf 81' lang='lat' dir='ltr'>m.</span> <span class='ocrx_word' id='word_1_364' title='bbox 380 4634 442 4691; x_wconf 83' lang='lat' dir='ltr'>vn.</span> 
     </span>
     <span class='ocr_line' id='line_1_69' title="bbox 293 4744 479 4819; baseline 0.005 -16"><span class='ocrx_word' id='word_1_365' title='bbox 293 4745 386 4819; x_wconf 70' lang='lat' dir='ltr'>(aar.</span> <span class='ocrx_word' id='word_1_366' title='bbox 404 4744 479 4816; x_wconf 74' lang='lat' dir='ltr'>Vt.)</span> 
     </span>
    </p>
   </div>
   <div class='ocr_carea' id='block_1_19' title="bbox 1031 3517 1772 3601">
    <p class='ocr_par' dir='ltr' id='par_1_24' title="bbox 1031 3517 1772 3601">
     <span class='ocr_line' id='line_1_70' title="bbox 1031 3517 1772 3601; baseline -0.004 -21"><span class='ocrx_word' id='word_1_367' title='bbox 1031 3521 1161 3601; x_wconf 88' lang='lat' dir='ltr'>&#39;I&#39;rajaui</span> <span class='ocrx_word' id='word_1_368' title='bbox 1191 3518 1232 3581; x_wconf 89' lang='lat' dir='ltr'>ad</span> <span class='ocrx_word' id='word_1_369' title='bbox 1263 3518 1301 3584; x_wconf 86' lang='lat' dir='ltr'>V·</span> <span class='ocrx_word' id='word_1_370' title='bbox 1333 3518 1369 3579; x_wconf 86' lang='lat' dir='ltr'>C.</span> <span class='ocrx_word' id='word_1_371' title='bbox 1399 3517 1480 3593; x_wconf 74' lang='grc'>864,</span> <span class='ocrx_word' id='word_1_372' title='bbox 1522 3530 1556 3578; x_wconf 90' lang='lat' dir='ltr'>et</span> <span class='ocrx_word' id='word_1_373' title='bbox 1586 3517 1701 3580; x_wconf 82' lang='lat' dir='ltr'>Severi</span> <span class='ocrx_word' id='word_1_374' title='bbox 1731 3518 1772 3579; x_wconf 90' lang='lat' dir='ltr'>ad</span> 
     </span>
    </p>
   </div>
   <div class='ocr_carea' id='block_1_20' title="bbox 1027 3622 1463 3782">
    <p class='ocr_par' dir='ltr' id='par_1_25' title="bbox 1027 3622 1463 3782">
     <span class='ocr_line' id='line_1_71' title="bbox 1027 3622 1216 3702; baseline -0.026 -14"><span class='ocrx_word' id='word_1_375' title='bbox 1027 3623 1070 3688; x_wconf 81' lang='lat' dir='ltr'>V.</span> <span class='ocrx_word' id='word_1_376' title='bbox 1093 3622 1128 3684; x_wconf 90' lang='lat' dir='ltr'>C.</span> <span class='ocrx_word' id='word_1_377' title='bbox 1144 3622 1216 3702; x_wconf 74' lang='lat'>955.</span> 
     </span>
     <span class='ocr_line' id='line_1_72' title="bbox 1170 3722 1463 3782; baseline -0.007 -1"><span class='ocrx_word' id='word_1_378' title='bbox 1170 3722 1298 3781; x_wconf 84' lang='lat' dir='ltr'>Eadem</span> <span class='ocrx_word' id='word_1_379' title='bbox 1317 3722 1463 3782; x_wconf 76' lang='lat' dir='ltr'>adversa.</span> 
     </span>
    </p>
   </div>
   <div class='ocr_carea' id='block_1_21' title="bbox 1029 3818 1784 4102">
    <p class='ocr_par' dir='ltr' id='par_1_26' title="bbox 1029 3818 1784 4102">
     <span class='ocr_line' id='line_1_73' title="bbox 1029 3818 1784 3912; baseline -0.003 -29"><span class='ocrx_word' id='word_1_380' title='bbox 1029 3821 1158 3888; x_wconf 80' lang='lat' dir='ltr'>IOVIS.</span> <span class='ocrx_word' id='word_1_381' title='bbox 1178 3818 1359 3888; x_wconf 75' lang='lat' dir='ltr'>CVSTOS.</span> <span class='ocrx_word' id='word_1_382' title='bbox 1386 3821 1534 3901; x_wconf 81' lang='lat' dir='ltr'>Iuppiter</span> <span class='ocrx_word' id='word_1_383' title='bbox 1558 3823 1784 3912; x_wconf 79' lang='lat' dir='ltr'>nadusstans</span> 
     </span>
     <span class='ocr_line' id='line_1_74' title="bbox 1031 3925 1772 4004; baseline 0.001 -21"><span class='ocrx_word' id='word_1_384' title='bbox 1031 3937 1108 3983; x_wconf 82' lang='lat' dir='ltr'>ante</span> <span class='ocrx_word' id='word_1_385' title='bbox 1130 3944 1241 3999; x_wconf 70' lang='lat' dir='ltr'>mam,</span> <span class='ocrx_word' id='word_1_386' title='bbox 1272 3925 1302 3987; x_wconf 85' lang='lat' dir='ltr'>d.</span> <span class='ocrx_word' id='word_1_387' title='bbox 1320 3935 1496 4004; x_wconf 77' lang='lat' dir='ltr'>pateram,</span> <span class='ocrx_word' id='word_1_388' title='bbox 1521 3943 1547 3983; x_wconf 87' lang='lat' dir='ltr'>s.</span> <span class='ocrx_word' id='word_1_389' title='bbox 1567 3943 1670 3987; x_wconf 86' lang='lat' dir='ltr'>arans.</span> <span class='ocrx_word' id='word_1_390' title='bbox 1700 3925 1772 3992; x_wconf 81' lang='lat' dir='ltr'>AV.</span> 
     </span>
     <span class='ocr_line' id='line_1_75' title="bbox 1030 4023 1348 4102; baseline 0.003 -17"><span class='ocrx_word' id='word_1_391' title='bbox 1030 4025 1098 4085; x_wconf 80' lang='lat' dir='ltr'>att.</span> <span class='ocrx_word' id='word_1_392' title='bbox 1117 4025 1216 4102; x_wconf 84' lang='lat' dir='ltr'>(Mus.</span> <span class='ocrx_word' id='word_1_393' title='bbox 1237 4023 1348 4101; x_wconf 86' lang='lat' dir='ltr'>Caes.)</span> 
     </span>
    </p>
   </div>
   <div class='ocr_carea' id='block_1_22' title="bbox 1031 4122 1772 4323">
    <p class='ocr_par' dir='ltr' id='par_1_27' title="bbox 1031 4122 1772 4323">
     <span class='ocr_line' id='line_1_76' title="bbox 1068 4122 1771 4206; baseline 0 -20"><span class='ocrx_word' id='word_1_394' title='bbox 1068 4125 1185 4192; x_wconf 85' lang='lat' dir='ltr'>IOVIS</span> <span class='ocrx_word' id='word_1_395' title='bbox 1193 4126 1333 4206; x_wconf 86' lang='lat' dir='ltr'>positum</span> <span class='ocrx_word' id='word_1_396' title='bbox 1342 4123 1376 4184; x_wconf 89' lang='lat' dir='ltr'>ia</span> <span class='ocrx_word' id='word_1_397' title='bbox 1384 4133 1545 4205; x_wconf 88' lang='lat' dir='ltr'>rectopro</span> <span class='ocrx_word' id='word_1_398' title='bbox 1553 4122 1771 4190; x_wconf 80' lang='lat' dir='ltr'>lVPPlTER.</span> 
     </span>
     <span class='ocr_line' id='line_1_77' title="bbox 1031 4224 1772 4323; baseline -0.001 -32"><span class='ocrx_word' id='word_1_399' title='bbox 1031 4229 1137 4296; x_wconf 81' lang='lat' dir='ltr'>Varro</span> <span class='ocrx_word' id='word_1_400' title='bbox 1151 4225 1204 4310; x_wconf 79' lang='lat' dir='ltr'>d):</span> <span class='ocrx_word' id='word_1_401' title='bbox 1219 4228 1380 4309; x_wconf 80' lang='lat' dir='ltr'>Iuppiter,</span> <span class='ocrx_word' id='word_1_402' title='bbox 1395 4224 1498 4300; x_wconf 82' lang='lat' dir='ltr'>Iovis,</span> <span class='ocrx_word' id='word_1_403' title='bbox 1511 4235 1545 4285; x_wconf 82' lang='lat' dir='ltr'>st</span> <span class='ocrx_word' id='word_1_404' title='bbox 1555 4224 1653 4323; x_wconf 81' lang='lat' dir='ltr'>Iouis,</span> <span class='ocrx_word' id='word_1_405' title='bbox 1669 4225 1772 4300; x_wconf 74' lang='lat' dir='ltr'>Iouis.</span> 
     </span>
    </p>
   </div>
   <div class='ocr_carea' id='block_1_23' title="bbox 1099 4529 1772 4613">
    <p class='ocr_par' dir='ltr' id='par_1_28' title="bbox 1099 4529 1772 4613">
     <span class='ocr_line' id='line_1_78' title="bbox 1099 4529 1772 4613; baseline -0.013 -14"><span class='ocrx_word' id='word_1_406' title='bbox 1099 4541 1134 4613; x_wconf 88' lang='lat' dir='ltr'>b)</span> <span class='ocrx_word' id='word_1_407' title='bbox 1154 4540 1234 4597; x_wconf 80' lang='lat' dir='ltr'>Suet.</span> <span class='ocrx_word' id='word_1_408' title='bbox 1252 4546 1330 4601; x_wconf 72' lang='lat' dir='ltr'>etl·</span> <span class='ocrx_word' id='word_1_409' title='bbox 1417 4538 1449 4609; x_wconf 81' lang='lat' dir='ltr'>c)</span> <span class='ocrx_word' id='word_1_410' title='bbox 1471 4529 1597 4611; x_wconf 61' lang='lat' dir='ltr'>Cei-tt.</span> <span class='ocrx_word' id='word_1_411' title='bbox 1680 4535 1714 4605; x_wconf 90' lang='lat' dir='ltr'>d)</span> <span class='ocrx_word' id='word_1_412' title='bbox 1735 4535 1772 4591; x_wconf 80' lang='lat' dir='ltr'>de</span> 
     </span>
    </p>
   </div>
   <div class='ocr_carea' id='block_1_24' title="bbox 1470 4734 1543 4798">
    <p class='ocr_par' dir='ltr' id='par_1_29' title="bbox 1470 4734 1543 4798">
     <span class='ocr_line' id='line_1_79' title="bbox 1470 4734 1543 4798; baseline -0.041 0"><span class='ocrx_word' id='word_1_413' title='bbox 1470 4734 1543 4798; x_wconf 82' lang='lat' dir='ltr'>Vs·</span> 
     </span>
    </p>
   </div>
   <div class='ocr_carea' id='block_1_25' title="bbox 0 0 2022 5370">
    <p class='ocr_par' dir='ltr' id='par_1_30' title="bbox 0 0 2022 5370">
     <span class='ocr_line' id='line_1_80' title="bbox 0 0 2022 5370; baseline 0 0"><span class='ocrx_word' id='word_1_414' title='bbox 0 0 2022 5370; x_wconf 95' lang='lat' dir='ltr'> </span> 
     </span>
    </p>
   </div>
  </div>
 </body>
</html>
