4012 5370
612 492 615 501 ·
763 487 1248 593 reinserta
1397 451 1404 467 ’
1498 462 1504 477 ’
1726 495 1795 560 mr

222 667 367 772 falsos,
395 675 469 751 aut
491 663 602 749 male
622 659 846 776 descriptos
868 667 1167 780 promulgavit,
1195 680 1239 752 at
1258 668 1450 755 Goltzius
1475 669 1587 759 mala
1612 669 1695 759 fide
1716 688 1790 763 ant

224 832 381 894 munos
409 814 544 908 totos,
586 801 824 888 aut0varias
850 816 998 890 eorum
1012 816 1015 820 ’
1030 804 1247 915 peristases
1280 806 1505 917 confinxit,
1544 811 1656 924 qnod
1691 813 1790 900 alibi

222 974 251 1030 ι
268 973 342 1030 me
359 939 514 1025 invicte
534 937 862 1026 demonstratum
881 939 971 1026 fuit
1000 949 1094 1052 'Qua
1112 942 1157 1031 in
1175 969 1300 1030 causa
1318 943 1423 1032 illud
1446 975 1545 1033 sane
1569 963 1634 1036 est
1655 954 1788 1040 multo
1934 1044 1936 1051 ,

224 1077 587 1184 molestissimum,
617 1076 728 1190 quod
749 1089 926 1190 uterque
953 1105 1047 1162 rara
1077 1080 1242 1165 fortuna
1262 1081 1558 1194 amplissimam
1572 1087 1657 1172 sihi
1677 1088 1787 1202 apud

220 1217 420 1333 aequales
454 1223 724 1327 posterosque
746 1213 873 1300 fidem
905 1200 1189 1329 comptitavit,
1229 1247 1357 1332 quarn
1390 1219 1540 1308 deinde
1570 1224 1785 1334 inolitam,

220 1357 582 1466 inveteratamque
614 1351 648 1435 si
679 1352 772 1465 quis
801 1352 992 1441 cordatus
1023 1355 1256 1443 convellere
1278 1357 1417 1468 cupit,
1446 1371 1565 1446 tanto
1594 1361 1687 1473 plns
1714 1393 1786 1449 ex·
1825 1357 1828 1366 Α

224 1494 410 1608 periatur
431 1489 712 1622 difficultatis,
742 1506 895 1604 quanto
919 1493 987 1576 illa
1011 1492 1176 1576 altiores
1197 1493 1385 1580 durando
1406 1493 1567 1583 radices
1591 1500 1683 1614 egit.
1711 1501 1789 1587 Ve.

228 1630 390 1717 tissime
407 1629 512 1714 adeo
527 1626 685 1713 dietum
705 1628 828 1717 Dioni
838 1630 1133 1739 Chrysostam'o
1152 1621 1206 1736 ·);
1240 1646 1422 1739 cumque
1440 1657 1512 1714 res
1528 1635 1585 1715 sit
1599 1629 1791 1745 difficilis

230 1765 397 1867 docere,
425 1779 542 1853 tanto
558 1778 625 1844 est
641 1751 1097 1889 dffailiordedoaere,
1121 1768 1357 1874 praecipue
1376 1791 1473 1845 cum
1493 1776 1568 1877 qui
1587 1797 1644 1855 aa
1662 1773 1788 1884 longo

226 1923 420 2016 tempore
438 1903 670 1987 mendacia
690 1896 957 2008 imbiberunt,
976 1929 1117 2015 neque
1137 1906 1275 1987 solum
1295 1905 1464 2014 decepti
1477 1922 1580 1987 sunt
1597 1907 1691 2018 ipsi,
1711 1915 1794 1997 sed

221 2063 377 2159 patras
395 2072 561 2156 quoque
579 2070 745 2147 eorum,
777 2047 954 2156 eorpus,
985 2060 1028 2128 et
1041 2073 1185 2154 paene
1205 2042 1391 2148 majores
1411 2057 1570 2131 omnes.

311 2196 372 2275 At
388 2203 510 2275 amnt
534 2187 819 2297 hauddubie,
847 2187 920 2302 qui
944 2188 1023 2272 sihi
1039 2188 1372 2302 persuadebunt,
1399 2185 1506 2274 haec
1528 2191 1792 2278 Mediobarbi
1825 2257 1830 2262 .

224 2330 332 2417 vitia
353 2340 429 2411 aut
459 2325 648 2439 penitus,
676 2340 749 2412 aut
779 2355 929 2440 magna
951 2327 1016 2413 sui
1040 2340 1159 2442 parte
1184 2327 1344 2414 sublata
1368 2327 1497 2413 fuisse
1516 2329 1563 2414 in
1582 2342 1790 2442 pos-trema
1865 2333 1868 2343 '
1951 2366 1955 2374 ·

230 2469 325 2583 ejus
349 2464 553 2571 editione,
585 2491 691 2577 qnae
715 2465 975 2552 inscribitur:
1106 2460 1110 2468 ’
1340 2461 1341 2464 Ὺ

314 2597 630 2709 Imperatorum
657 2586 950 2683 Rornanorum
983 2603 1245 2684 numismata
1275 2613 1352 2683 etc.
1384 2627 1412 2682 a
1436 2596 1594 2683 Franc.
1618 2599 1790 2684 Medio-

407 2730 540 2821 barbo
556 2736 725 2851 Birago'
746 2741 982 2844 illustrata,
1019 2769 1136 2822 nunc
1163 2767 1263 2824 vern
1284 2733 1339 2823 ab
1366 2744 1605 2823 innumeris
1624 2740 1791 2823 mendis
1830 2845 1839 2861 ἱ

408 2894 668 2990 eapurgata,
710 2873 996 2963 adduionibus
1021 2908 1157 2991 usque
1186 2877 1269 2961 hac
1296 2866 1572 2985 desideratis,
1604 2883 1789 2962 criticis·

404 3048 493 3131 que
525 3011 893 3104 observationibus
919 3035 1127 3103 exornata
1162 3035 1345 3100 curante
1366 3016 1563 3129 Philippo
1582 3017 1789 3128 Argelaaa

408 3157 685 3242 Bononiensi
715 3159 967 3245 Mediolani
989 3155 1305 3244 MDCCXXX.
1320 3147 1408 3266 fol.

228 3302 425 3389 Mearum
457 3304 636 3418 partium
661 3318 724 3389 est
757 3306 988 3419 inquirere,
1028 3317 1233 3418 quantum
1267 3315 1362 3416 past
1393 3298 1528 3412 ampla
1563 3297 1668 3384 haec
1695 3296 1790 3412 pro-

226 3439 354 3525 missa
378 3439 419 3526 ei
443 3442 557 3556 operi
576 3442 866 3549 castimoniae,
896 3457 939 3528 et
961 3442 1149 3555 puritatis
1175 3441 1403 3525 accesserit.
1432 3437 1495 3521 Ad
1523 3465 1615 3521 eam
1639 3433 1788 3550 procu'·
1900 3527 1905 3536 ,

224 3578 402 3662 nudam
426 3608 573 3694 parum
597 3607 748 3693 operae
763 3579 972 3694 studiique
994 3580 1119 3664 fuisse
1145 3582 1364 3683 collatum,
1395 3588 1640 3689 argumento
1671 3589 1788 3680 esto,

225 3717 340 3829 quod
366 3719 513 3802 eadem
541 3717 645 3802 haec
675 3718 798 3826 vitia,
827 3747 934 3832 quae
962 3718 1100 3832 paullo
1125 3744 1249 3830 supra
1275 3728 1475 3828 tanquam
1508 3714 1703 3827 exiguam
1725 3726 1790 3796 to-
1887 3717 1891 3726 '

227 3855 313 3939 tius
342 3869 505 3969 partein
539 3884 593 3941 ex
623 3856 895 3940 Mediobarbo
926 3856 1121 3964 recitavi,
1163 3858 1335 3974 ejusque
1375 3865 1473 3938 sunt
1502 3865 1699 3960 naturae,
1741 3862 1790 3935 ut

227 4007 376 4105 suapte
402 3994 448 4080 in
472 3994 605 4079 seduli
636 3994 818 4079 censoris
848 3995 989 4079 oculos
1012 3994 1247 4100 incurrant,
1284 3993 1330 4076 in
1361 4018 1469 4077 nava
1493 3989 1572 4074 hac
1608 3990 1788 4075 editione

232 4155 401 4241 prorsus
424 4131 578 4216 intacta
606 4159 892 4244 permansere,
920 4146 963 4217 et
983 4146 1096 4218 tatus
1122 4118 1192 4216 ille
1218 4158 1441 4215 nunrornm
1467 4156 1590 4242 grex,
1623 4128 1695 4240 qui
1713 4140 1787 4212 aut

233 4280 377 4380 aperte
395 4265 489 4351 falsi
512 4281 630 4376 sunt,
660 4283 733 4355 ant
757 4271 848 4387 jure
869 4271 1071 4382 suspecti,
1094 4297 1275 4384 qnorum
1296 4266 1413 4380 copia
1437 4256 1659 4380 praecipue
1681 4263 1788 4345 Tra-

234 4405 319 4515 iani
345 4405 568 4519 imperium
594 4402 841 4515 maculavit,
871 4436 990 4492 suam
1025 4407 1160 4492 adhuc
1193 4406 1412 4492 stationem
1442 4413 1641 4514 occupat,
1672 4401 1784 4484 nulla

239 4540 395 4657 adjecta
417 4542 794 4654 animadversione,
823 4575 929 4660 quae
950 4546 1004 4631 de
1025 4574 1169 4630 earum
1195 4544 1277 4629 fide
1298 4542 1488 4627 dubitare
1517 4541 1679 4654 jubeat,
1712 4535 1785 4626 aut
1806 4655 1808 4660 Α

277 4727 304 4794 a)
325 4728 409 4786 ont.
426 4727 477 4786 11.
495 4748 526 4809 p.
542 4743 600 4794 152.
