4012 5370
220 464 294 543 „0
833 448 1157 527 ramanus

222 624 389 692 METAL.
406 623 544 687 nitunt.
574 619 682 704 Typus
699 624 844 703 ignotus.
870 623 967 705 (ilar-
1024 642 1117 698 mur,
1143 636 1319 705 suppresso
1341 616 1500 681 nimirum
1516 618 1685 685 vocabulo
1698 618 1766 683 Hi·

223 729 302 792 duin
318 729 414 789 Num.
433 724 504 787 urb.
519 723 568 789 ill.
584 720 644 784 sub
664 725 864 807 Pannonio.)
1025 723 1176 797 Taum,
1201 720 1290 807 quod
1311 720 1346 783 in
1368 720 1653 805 praecedentibus
1674 726 1766 785 usmis

263 830 309 891 Hi
344 827 435 890 numi
467 826 598 890 metulla
632 824 843 902 Dalmatiae,
884 844 966 908 quae
1023 838 1138 909 aperte
1160 824 1304 908 ponitur.
1331 822 1527 907 Falluntus,
1551 824 1612 909 qui
1633 844 1692 890 eos
1710 844 1767 889 tuo·

222 932 342 1018 passim
365 943 399 992 et
418 929 592 991 Delmatia
615 924 754 1009 antiquis
779 924 865 990 dicta
888 923 968 1001 init,
1023 940 1134 989 netum
1165 924 1255 987 urbis
1282 924 1414 1003 rolant,
1453 938 1556 1011 atque
1591 926 1767 991 Dardanon

88 1102 92 1107 ,
221 1033 428 1119 praedicant,
453 1029 517 1092 nisi
542 1026 632 1114 quod
655 1049 773 1090 numus
800 1048 842 1090 ex
865 1026 969 1090 allatis
1027 1028 1135 1111 gentis
1165 1026 1347 1111 Trojauac,
1382 1040 1481 1111 atque
1514 1026 1607 1093 sulco
1640 1028 1767 1093 simois

221 1140 266 1214 1.,
293 1134 349 1219 qui
371 1131 544 1216 regionem
565 1129 702 1207 reticet,
730 1128 818 1193 forte
839 1129 880 1192 ad
902 1147 971 1192 me·
1026 1132 1152 1193 Romae
1178 1142 1345 1193 auctorem
1366 1128 1565 1212 respiciunt.
1609 1130 1695 1195 iiam
1715 1130 1769 1215 pri

221 1237 335 1299 talium
365 1232 604 1306 Pannonicum,
636 1230 677 1292 dc
706 1251 771 1314 quo
802 1230 969 1314 proximo,
1027 1252 1116 1293 mum
1149 1230 1272 1295 fabrica
1301 1232 1335 1292 in
1364 1230 1405 1291 iis
1433 1232 1591 1295 Romanu
1620 1254 1688 1295 nou
1715 1246 1767 1307 cst,

222 1336 377 1419 pertinet.
422 1333 527 1424 Quum
556 1331 678 1394 luerint
705 1353 744 1394 ca
770 1332 804 1393 in
831 1330 968 1415 regione
1028 1332 1148 1395 deinde
1179 1332 1272 1395 obest
1301 1344 1377 1395 notu
1406 1330 1439 1392 S.
1463 1334 1503 1397 C.
1530 1334 1622 1397 ueris
1644 1332 1768 1399 namsi

222 1438 339 1502 divites
360 1434 594 1510 aurifodinae,
622 1453 695 1496 cum
717 1432 864 1495 historici
882 1444 970 1496 reto·
1026 1432 1088 1495 hac
1120 1433 1296 1516 praecipua
1321 1445 1427 1497 aetate
1451 1448 1589 1499 certum
1612 1434 1766 1501 indicium.

220 1560 293 1615 res,
316 1551 384 1600 turn
400 1547 519 1619 poetae
532 1532 660 1597 abunde
675 1534 872 1610 meminere,
891 1552 970 1618 quo·

221 1662 296 1704 rum
312 1636 506 1712 testimonia,
521 1654 564 1699 ne
583 1636 662 1699 olim
674 1649 798 1700 cantata
812 1637 970 1711 recinam,

221 1742 342 1807 videsis
360 1741 395 1802 in
410 1736 512 1801 Blasii
529 1737 716 1821 Carpophili
735 1756 838 1823 opere
856 1738 897 1799 de
914 1755 971 1797 an·

221 1847 327 1923 tiquis
335 1844 474 1927 fodinis
492 1860 567 1923 pag.
581 1842 634 1904 55.

385 1942 474 2005 tttP.
505 1941 627 2003 CAES.
658 1941 833 2002 TRAIAN.
867 1936 968 2004 AVG.

386 2043 488 2106 GER.
504 2042 605 2106 DAC.
620 2043 656 2105 P.
671 2047 715 2107 Μ.
733 2043 801 2107 ΤΗ.
817 2040 856 2101 Ρ.
874 2038 969 2103 COS.

386 2144 440 2211 vt.
455 2145 492 2209 P.
507 2144 544 2207 P.
570 2145 677 2226 Caput
692 2145 891 2206 laureatum.

222 2248 435 2311 tttEt'utnn.
460 2245 648 2311 VLPIANI.
673 2245 801 2305 PANN.
842 2241 971 2303 Mulier

222 2362 318 2410 stans
340 2350 370 2408 d.
389 2348 570 2419 bilcnoem,
594 2367 620 2406 s.
642 2346 870 2424 cornucopiae.
897 2342 968 2406 ΑΕ.

223 2449 279 2511 lll.
304 2444 454 2526 (Motelli
472 2444 616 2528 specim.
633 2466 666 2527 p.
681 2447 769 2526 215.)
816 2440 821 2447 ’

390 2547 497 2627 Caput
518 2545 651 2621 Traiani
667 2548 848 2608 radiatum.

224 2648 437 2710 hiE'l'ALLl.
452 2646 704 2711 PANNONICI.
720 2649 756 2708 in
771 2666 850 2707 arca
867 2649 970 2709 numi.

223 2750 293 2813 ΛΕ.
315 2752 369 2812 lll.
404 2747 565 2831 (Gessncr
591 2768 633 2811 cx
659 2767 773 2810 museo
797 2745 880 2811 Piau
903 2746 969 2815 tab.

223 2850 384 2913 Lxxxn.
403 2870 436 2913 n.
452 2850 521 2932 57.)

267 2948 422 3014 Succedit
450 2950 619 3043 metallum
642 2950 875 3014 Pannonicum.
917 2951 969 3012 De

223 3052 409 3115 Pannoniae
426 3051 565 3128 fodinis,
590 3072 668 3135 qnae
688 3053 778 3113 numi
795 3051 969 3128 stabiliunt,

223 3154 312 3215 nulla
332 3151 416 3235 apud
436 3167 566 3215 soteres
585 3154 727 3231 mentio,
758 3153 819 3216 etsi
842 3167 971 3217 conter-

223 3256 310 3317 mina
325 3254 425 3317 Dacia
440 3253 480 3315 iis
497 3252 679 3317 abundavit.

387 3355 475 3416 IMP.
486 3355 608 3419 CAES.
619 3355 781 3421 NERVA.
792 3358 967 3422 Tltntatt.

387 3456 489 3521 AVG.
519 3456 626 3539 Caput
646 3458 848 3523 laureatum.

224 3557 478 3621 DARDANlCl.
504 3557 634 3619 Mulier
650 3569 746 3620 stans
762 3561 792 3623 d.
810 3565 929 3641 spicas,
942 3582 969 3624 s.

223 3672 345 3722 vestem
362 3660 509 3719 addiscit.
531 3657 601 3723 ΑΕ.
615 3661 671 3726 ΙΙΙ.
692 3661 792 3739 (hius.
811 3661 919 3736 Caes.)

386 3758 527 3824 ROMA.
539 3764 646 3842 Caput
653 3761 780 3823 Romae
785 3762 967 3843 galeatum.

222 3862 477 3924 Dtlttthtttcl.
515 3862 645 3924 Mulier
676 3875 771 3923 stans
793 3863 825 3923 d.
845 3865 969 3942 spicas,

223 3976 386 4026 noestam
407 3962 554 4025 adducit.
577 3962 718 4027 hE.111.
743 3964 844 4040 (hius.
859 3961 969 4042 Caes.)

224 4063 373 4127 Similem
402 4061 504 4125 hahes
531 4061 615 4143 apud
642 4063 875 4141 Pellerinium,
911 4065 970 4127 scd

224 4178 379 4248 corrupta
396 4164 575 4247 epigraphe
592 4164 673 4227 ttae.
688 4165 712 4227 l.
731 4163 795 4230 tob.
812 4166 853 4229 X.
869 4186 900 4229 n.
917 4186 947 4246 o.

265 4269 389 4329 Numos
407 4266 453 4329 sic
471 4264 644 4348 inscriptos
665 4262 705 4327 ad
731 4263 868 4328 eandem
886 4265 969 4330 hanc

225 4368 362 4432 classem
379 4367 547 4449 pertinere
563 4388 629 4429 non
646 4364 811 4429 immerito
830 4368 970 4452 suspica·

1026 1532 1189 1597 lietduini
1214 1531 1484 1617 explicationem,
1508 1536 1594 1621 quia
1613 1558 1678 1623 per
1697 1558 1770 1601 son·

1023 1637 1118 1723 ¹nium
1136 1649 1346 1719 conceptam,
1367 1635 1515 1719 prudens
1538 1651 1719 1724 praetereo
1735 1640 1768 1723 ⁸).

1027 1722 1104 1798 Fuit
1123 1750 1232 1800 autem
1252 1736 1415 1803 Dardanis
1435 1740 1536 1825 regio
1558 1740 1622 1803 sits
1639 1740 1675 1803 in
1692 1742 1768 1805 ttss

1028 1838 1074 1899 sia
1107 1837 1278 1921 superiore
1311 1860 1428 1906 versus
1458 1840 1711 1920 Macedoniam,
1741 1854 1770 1905 'st

1027 1958 1126 2022 saepe
1151 1952 1331 2003 memorata
1353 1942 1528 2008 veteribus
1552 1964 1632 2009 cum
1654 1942 1769 2009 histori-

1028 2038 1093 2115 cis,
1130 2052 1200 2101 tum
1229 2044 1446 2126 geographis,
1484 2056 1522 2105 et
1551 2041 1588 2103 in
1619 2060 1767 2107 murnum

1027 2138 1097 2222 ipsu
1126 2138 1258 2222 Traiani
1293 2152 1399 2203 aetate
1434 2139 1564 2221 posito·
1588 2140 1709 2207 dicitnr
1736 2144 1766 2207 is

1026 2241 1145 2303 Besius
1180 2239 1338 2305 PRAEF.
1373 2240 1506 2305 ALAE.
1546 2242 1766 2307 nannum

1028 2342 1125 2407 Rvet
1146 2336 1192 2422 lt).
1223 2342 1267 2403 tta
1282 2339 1410 2407 duravit
1430 2342 1516 2405 hacc
1541 2342 1617 2427 ejus
1635 2342 1765 2431 regionis

1028 2442 1204 2527 appellatio
1231 2440 1336 2507 adhuc
1362 2440 1423 2505 sub
1450 2443 1683 2523 Diocletianot
1703 2464 1763 2509 nan

1029 2566 1070 2607 cx
1091 2542 1255 2607 Dardania
1278 2543 1381 2609 inisse
1403 2544 1585 2611 oriundum
1609 2546 1768 2611 cusum

1030 2646 1224 2721 Gothicum,
1255 2644 1361 2710 reiert
1387 2646 1582 2713 Trebellius
1607 2648 1760 2725 Pollio‘).

1029 2750 1162 2810 Certum
1185 2747 1305 2833 igitur,
1333 2746 1435 2811 fuisse
1456 2748 1492 2809 in
1514 2748 1583 2815 hoc
1602 2762 1708 2817 tractu
1723 2750 1761 2813 lo·

1029 2847 1140 2926 dines,
1169 2867 1252 2932 quac
1278 2871 1296 2913 a
1323 2848 1462 2933 regione
1488 2870 1617 2935 nomen
1641 2852 1760 2939 adeptae

1028 2963 1103 3012 sunt
1126 2948 1265 3033 perinde
1291 2972 1329 3014 ac
1347 2952 1571 3030 Dalmaticae,
1597 2968 1634 3019 et
1652 2956 1760 3019 Panno·

1028 3052 1138 3127 nicae,
1167 3065 1264 3136 atque
1286 3051 1326 3115 ad
1347 3052 1465 3117 harum
1486 3054 1624 3119 modum
1644 3076 1760 3141 percus·

1029 3174 1081 3216 sos
1097 3173 1212 3216 numos
1231 3174 1305 3219 cum
1321 3154 1503 3239 epigraphe
1517 3156 1758 3223 DARDANlGl.

1027 3258 1182 3337 Magnum
1214 3277 1308 3321 meaa
1340 3256 1525 3322 sententiae
1553 3258 1659 3324 robus
1685 3256 1760 3325 addit

1027 3356 1163 3434 Plinius,
1180 3358 1235 3442 qui
1250 3378 1292 3421 cx
1308 3378 1346 3422 ca
1361 3358 1501 3441 regione
1515 3362 1649 3427 renim
1660 3380 1756 3427 sumn

1027 3456 1175 3541 scripsit,
1199 3459 1287 3544 quod
1303 3462 1503 3525 Dardanum
1519 3462 1647 3529 dictum
1663 3462 1759 3545 esti),

1027 3572 1061 3622 ct
1077 3559 1111 3620 in
1126 3560 1363 3626 Constitutione
1381 3560 1529 3627 Gratiani
1544 3576 1574 3643 ⁸)
1595 3582 1760 3631 memsam

1027 3674 1081 3721 tur
1094 3677 1326 3746 procuratores
1341 3663 1554 3757 metallorum
1568 3666 1657 3733 iutra
1667 3670 1759 3733 Usca-

1028 3758 1174 3840 doniam,
1213 3766 1364 3843 Daciam,
1398 3764 1677 3837 mediterrsussnt
1703 3768 1760 3849 ily·

1028 3862 1126 3942 siam,
1149 3885 1207 3928 seu
1225 3866 1433 3931 Dardaniam.
1754 3870 1757 3879 '

1232 3968 1504 4038 annutante.
1526 3968 1756 4045 AVGVSPVS·

1236 4070 1345 4151 Caput
1362 4074 1498 4137 nudant.

1029 4171 1599 4241 AELlANA.P1NCENSIA..irslrs
1610 4190 1756 4239 aaronem

1027 4273 1097 4331 an.
1115 4274 1154 4337 11.
1172 4274 1271 4354 (uus.
1287 4273 1397 4356 caes.)

1069 4372 1194 4436 Eadem
1233 4372 1353 4439 fiducia
1391 4396 1529 4439 numum
1567 4388 1755 4461 pnessatsn

260 4592 291 4661 a)
311 4590 360 4646 Ad
374 4590 451 4647 Plin.
468 4592 552 4649 Tom.
567 4591 590 4648 l.
607 4611 637 4667 p.
652 4596 714 4655 216·
789 4592 824 4661 b)
847 4592 1060 4653 diamoron.
1136 4596 1167 4667 c)
1188 4595 1217 4651 in
1232 4594 1369 4655 Claudio.
1444 4596 1480 4671 d)
1498 4598 1532 4657 1..
1546 4597 1675 4659 mltt.
1689 4588 1752 4671 §.ti

224 4682 255 4751 e)
278 4679 354 4737 Cod.
369 4679 402 4736 t.
416 4679 466 4738 xl.
481 4682 524 4738 tit.
538 4685 564 4746 ό.
583 4685 606 4755 §.
619 4692 645 4743 u.
