<?xml version="1.0" encoding="UTF-8"?>
<!DOCTYPE html PUBLIC "-//W3C//DTD XHTML 1.0 Transitional//EN"
    "http://www.w3.org/TR/xhtml1/DTD/xhtml1-transitional.dtd">
<html xmlns="http://www.w3.org/1999/xhtml" xml:lang="en" lang="en">
 <head>
  <title>
</title>
<meta http-equiv="Content-Type" content="text/html;charset=utf-8" />
  <meta name='ocr-system' content='tesseract 3.04.00' />
  <meta name='ocr-capabilities' content='ocr_page ocr_carea ocr_par ocr_line ocrx_word'/>
</head>
<body>
  <div class='ocr_page' id='page_1' title='image "./doctrinanumorum00steigoog_0198.png"; bbox 0 0 4012 5370; ppageno 0'>
   <div class='ocr_carea' id='block_1_1' title="bbox 475 487 1633 611">
    <p class='ocr_par' dir='ltr' id='par_1_1' title="bbox 475 487 1633 611">
     <span class='ocr_line' id='line_1_1' title="bbox 475 487 1633 611; baseline 0.012 -42"><span class='ocrx_word' id='word_1_1' title='bbox 475 487 653 570; x_wconf 73' lang='lat' dir='ltr'>cnsvs</span> <span class='ocrx_word' id='word_1_2' title='bbox 689 495 762 566; x_wconf 81' lang='lat' dir='ltr'>nr</span> <span class='ocrx_word' id='word_1_3' title='bbox 797 491 1010 611; x_wconf 71' lang='lat' dir='ltr'>uterve</span> <span class='ocrx_word' id='word_1_4' title='bbox 1047 492 1242 574; x_wconf 80' lang='lat' dir='ltr'>osnes.</span> <span class='ocrx_word' id='word_1_5' title='bbox 1557 503 1633 600; x_wconf 76' lang='lat' dir='ltr'>sto</span> 
     </span>
    </p>
   </div>
   <div class='ocr_carea' id='block_1_2' title="bbox 201 660 1636 1762">
    <p class='ocr_par' dir='ltr' id='par_1_2' title="bbox 201 660 1636 1455">
     <span class='ocr_line' id='line_1_2' title="bbox 205 660 1634 750; baseline 0.008 -26"><span class='ocrx_word' id='word_1_6' title='bbox 205 660 299 724; x_wconf 84' lang='lat' dir='ltr'>snnis</span> <span class='ocrx_word' id='word_1_7' title='bbox 330 682 404 726; x_wconf 89' lang='lat' dir='ltr'>cum</span> <span class='ocrx_word' id='word_1_8' title='bbox 432 661 610 744; x_wconf 77' lang='lat' dir='ltr'>ignominia</span> <span class='ocrx_word' id='word_1_9' title='bbox 638 664 673 725; x_wconf 92' lang='lat' dir='ltr'>in</span> <span class='ocrx_word' id='word_1_10' title='bbox 695 663 831 727; x_wconf 87' lang='lat' dir='ltr'>insulam</span> <span class='ocrx_word' id='word_1_11' title='bbox 886 662 1025 748; x_wconf 86' lang='lat' dir='ltr'>putandi</span> <span class='ocrx_word' id='word_1_12' title='bbox 1047 665 1232 748; x_wconf 82' lang='lat' dir='ltr'>sumpsisse.</span> <span class='ocrx_word' id='word_1_13' title='bbox 1274 663 1380 729; x_wconf 30' lang='lat' dir='ltr'>Teste*</span> <span class='ocrx_word' id='word_1_14' title='bbox 1401 667 1472 750; x_wconf 86' lang='lat' dir='ltr'>ipso</span> <span class='ocrx_word' id='word_1_15' title='bbox 1495 664 1634 736; x_wconf 67' lang='lat' dir='ltr'>Pellem·</span> 
     </span>
     <span class='ocr_line' id='line_1_3' title="bbox 214 762 1633 852; baseline 0.007 -26"><span class='ocrx_word' id='word_1_16' title='bbox 214 762 296 839; x_wconf 80' lang='lat' dir='ltr'>isit,</span> <span class='ocrx_word' id='word_1_17' title='bbox 321 784 427 848; x_wconf 83' lang='lat' dir='ltr'>neque</span> <span class='ocrx_word' id='word_1_18' title='bbox 447 767 591 848; x_wconf 86' lang='lat' dir='ltr'>Augusta</span> <span class='ocrx_word' id='word_1_19' title='bbox 617 786 757 849; x_wconf 86' lang='lat' dir='ltr'>unquam</span> <span class='ocrx_word' id='word_1_20' title='bbox 778 786 832 829; x_wconf 89' lang='lat' dir='ltr'>vo·</span> <span class='ocrx_word' id='word_1_21' title='bbox 888 766 945 827; x_wconf 83' lang='lat' dir='ltr'>nio</span> <span class='ocrx_word' id='word_1_22' title='bbox 973 779 1039 829; x_wconf 82' lang='lat' dir='ltr'>tam</span> <span class='ocrx_word' id='word_1_23' title='bbox 1077 767 1257 852; x_wconf 77' lang='lat' dir='ltr'>epigraphe</span> <span class='ocrx_word' id='word_1_24' title='bbox 1286 763 1633 850; x_wconf 65' lang='lat' dir='ltr'>KAPttoffloPoE,</span> 
     </span>
     <span class='ocr_line' id='line_1_4' title="bbox 202 864 1632 954; baseline 0.01 -29"><span class='ocrx_word' id='word_1_25' title='bbox 202 877 241 925; x_wconf 86' lang='lat' dir='ltr'>st.</span> <span class='ocrx_word' id='word_1_26' title='bbox 287 864 401 926; x_wconf 84' lang='lat' dir='ltr'>Annus</span> <span class='ocrx_word' id='word_1_27' title='bbox 420 886 501 947; x_wconf 87' lang='lat' dir='ltr'>ergo</span> <span class='ocrx_word' id='word_1_28' title='bbox 526 866 579 928; x_wconf 89' lang='lat' dir='ltr'>hic</span> <span class='ocrx_word' id='word_1_29' title='bbox 600 866 638 928; x_wconf 90' lang='lat' dir='ltr'>ad</span> <span class='ocrx_word' id='word_1_30' title='bbox 666 868 831 949; x_wconf 80' lang='lat' dir='ltr'>propriam</span> <span class='ocrx_word' id='word_1_31' title='bbox 890 887 985 949; x_wconf 85' lang='lat' dir='ltr'>quam</span> <span class='ocrx_word' id='word_1_32' title='bbox 1001 880 1096 951; x_wconf 78' lang='lat' dir='ltr'>typus</span> <span class='ocrx_word' id='word_1_33' title='bbox 1114 867 1514 950; x_wconf 73' lang='lat' dir='ltr'>spicarumadCerurem</span> <span class='ocrx_word' id='word_1_34' title='bbox 1531 871 1632 954; x_wconf 85' lang='lat' dir='ltr'>pleno</span> 
     </span>
     <span class='ocr_line' id='line_1_5' title="bbox 201 964 1635 1051; baseline 0.005 -23"><span class='ocrx_word' id='word_1_35' title='bbox 201 964 371 1048; x_wconf 80' lang='lat' dir='ltr'>:ujuspiam</span> <span class='ocrx_word' id='word_1_36' title='bbox 389 969 546 1050; x_wconf 87' lang='lat' dir='ltr'>epocham</span> <span class='ocrx_word' id='word_1_37' title='bbox 565 981 656 1029; x_wconf 91' lang='lat' dir='ltr'>certo</span> <span class='ocrx_word' id='word_1_38' title='bbox 671 971 831 1051; x_wconf 87' lang='lat' dir='ltr'>pertinet,</span> <span class='ocrx_word' id='word_1_39' title='bbox 888 966 961 1050; x_wconf 89' lang='lat' dir='ltr'>jure</span> <span class='ocrx_word' id='word_1_40' title='bbox 985 969 1170 1050; x_wconf 84' lang='lat' dir='ltr'>pertinent;</span> <span class='ocrx_word' id='word_1_41' title='bbox 1203 982 1375 1051; x_wconf 78' lang='lat' dir='ltr'>utsupra,</span> <span class='ocrx_word' id='word_1_42' title='bbox 1399 969 1432 1030; x_wconf 89' lang='lat' dir='ltr'>in</span> <span class='ocrx_word' id='word_1_43' title='bbox 1455 971 1561 1038; x_wconf 86' lang='lat' dir='ltr'>numis</span> <span class='ocrx_word' id='word_1_44' title='bbox 1580 973 1635 1038; x_wconf 70' lang='lat' dir='ltr'>lsi·</span> 
     </span>
     <span class='ocr_line' id='line_1_6' title="bbox 201 1068 1636 1156; baseline 0.008 -32"><span class='ocrx_word' id='word_1_45' title='bbox 201 1080 245 1129; x_wconf 71' lang='lat' dir='ltr'>rut</span> <span class='ocrx_word' id='word_1_46' title='bbox 265 1068 390 1129; x_wconf 81' lang='lat' dir='ltr'>anticae</span> <span class='ocrx_word' id='word_1_47' title='bbox 418 1082 509 1130; x_wconf 86' lang='lat' dir='ltr'>certo</span> <span class='ocrx_word' id='word_1_48' title='bbox 533 1082 584 1129; x_wconf 89' lang='lat' dir='ltr'>est</span> <span class='ocrx_word' id='word_1_49' title='bbox 601 1071 701 1132; x_wconf 89' lang='lat' dir='ltr'>iuliae</span> <span class='ocrx_word' id='word_1_50' title='bbox 722 1070 832 1132; x_wconf 89' lang='lat' dir='ltr'>matris</span> <span class='ocrx_word' id='word_1_51' title='bbox 892 1068 962 1132; x_wconf 83' lang='lat' dir='ltr'>viae</span> <span class='ocrx_word' id='word_1_52' title='bbox 989 1068 1116 1132; x_wconf 78' lang='lat' dir='ltr'><strong>abunde</strong></span> <span class='ocrx_word' id='word_1_53' title='bbox 1144 1069 1446 1152; x_wconf 79' lang='lat' dir='ltr'>comprobavimus,</span> <span class='ocrx_word' id='word_1_54' title='bbox 1469 1092 1540 1134; x_wconf 88' lang='lat' dir='ltr'>eum</span> <span class='ocrx_word' id='word_1_55' title='bbox 1565 1095 1636 1156; x_wconf 84' lang='lat' dir='ltr'>pas·</span> 
     </span>
     <span class='ocr_line' id='line_1_7' title="bbox 201 1168 1634 1255; baseline 0.005 -24"><span class='ocrx_word' id='word_1_56' title='bbox 201 1169 224 1231; x_wconf 88' lang='lat' dir='ltr'>i.</span> <span class='ocrx_word' id='word_1_57' title='bbox 264 1169 338 1232; x_wconf 85' lang='lat' dir='ltr'>lloc</span> <span class='ocrx_word' id='word_1_58' title='bbox 355 1189 427 1230; x_wconf 90' lang='lat' dir='ltr'>cum</span> <span class='ocrx_word' id='word_1_59' title='bbox 446 1169 658 1232; x_wconf 83' lang='lat' dir='ltr'>indubitatum</span> <span class='ocrx_word' id='word_1_60' title='bbox 674 1172 833 1255; x_wconf 47' lang='lat' dir='ltr'>sit,*epo·</span> <span class='ocrx_word' id='word_1_61' title='bbox 891 1168 950 1231; x_wconf 87' lang='lat' dir='ltr'>sim</span> <span class='ocrx_word' id='word_1_62' title='bbox 981 1190 1043 1252; x_wconf 92' lang='lat' dir='ltr'>per</span> <span class='ocrx_word' id='word_1_63' title='bbox 1064 1170 1247 1252; x_wconf 82' lang='lat' dir='ltr'>provincias</span> <span class='ocrx_word' id='word_1_64' title='bbox 1271 1172 1403 1235; x_wconf 89' lang='lat' dir='ltr'>Cereris</span> <span class='ocrx_word' id='word_1_65' title='bbox 1426 1172 1492 1236; x_wconf 90' lang='lat' dir='ltr'>ritu</span> <span class='ocrx_word' id='word_1_66' title='bbox 1515 1175 1634 1238; x_wconf 86' lang='lat' dir='ltr'>cultam</span> 
     </span>
     <span class='ocr_line' id='line_1_8' title="bbox 201 1266 1633 1355; baseline 0.007 -25"><span class='ocrx_word' id='word_1_67' title='bbox 201 1289 322 1332; x_wconf 80' lang='lat' dir='ltr'>‚numo</span> <span class='ocrx_word' id='word_1_68' title='bbox 344 1285 453 1332; x_wconf 84' lang='lat' dir='ltr'>notata</span> <span class='ocrx_word' id='word_1_69' title='bbox 476 1294 541 1333; x_wconf 91' lang='lat' dir='ltr'>non</span> <span class='ocrx_word' id='word_1_70' title='bbox 557 1274 662 1355; x_wconf 87' lang='lat' dir='ltr'>potuit</span> <span class='ocrx_word' id='word_1_71' title='bbox 687 1273 841 1355; x_wconf 89' lang='lat' dir='ltr'>incipere&#39;</span> <span class='ocrx_word' id='word_1_72' title='bbox 890 1266 1010 1345; x_wconf 84' lang='lat' dir='ltr'>luisse,</span> <span class='ocrx_word' id='word_1_73' title='bbox 1042 1291 1128 1335; x_wconf 83' lang='lat' dir='ltr'>novo</span> <span class='ocrx_word' id='word_1_74' title='bbox 1155 1288 1365 1355; x_wconf 82' lang='lat' dir='ltr'>argumento,</span> <span class='ocrx_word' id='word_1_75' title='bbox 1389 1295 1522 1339; x_wconf 86' lang='lat' dir='ltr'>numum</span> <span class='ocrx_word' id='word_1_76' title='bbox 1547 1275 1633 1341; x_wconf 86' lang='lat' dir='ltr'>hunc</span> 
     </span>
     <span class='ocr_line' id='line_1_9' title="bbox 201 1371 1468 1455; baseline 0 -21"><span class='ocrx_word' id='word_1_77' title='bbox 201 1384 369 1434; x_wconf 83' lang='lat' dir='ltr'>utumnum</span> <span class='ocrx_word' id='word_1_78' title='bbox 388 1374 462 1434; x_wconf 90' lang='lat' dir='ltr'>anni</span> <span class='ocrx_word' id='word_1_79' title='bbox 487 1376 527 1441; x_wconf 87' lang='lat' dir='ltr'>V.</span> <span class='ocrx_word' id='word_1_80' title='bbox 545 1377 581 1439; x_wconf 87' lang='lat' dir='ltr'>C.</span> <span class='ocrx_word' id='word_1_81' title='bbox 609 1376 692 1455; x_wconf 68' lang='lat'>7343</span> <span class='ocrx_word' id='word_1_82' title='bbox 714 1374 833 1435; x_wconf 90' lang='lat' dir='ltr'>namsi</span> <span class='ocrx_word' id='word_1_83' title='bbox 889 1371 1004 1436; x_wconf 82' lang='lat' dir='ltr'>Liviae</span> <span class='ocrx_word' id='word_1_84' title='bbox 1016 1371 1255 1436; x_wconf 80' lang='lat' dir='ltr'>vindicandum.</span> <span class='ocrx_word' id='word_1_85' title='bbox 1466 1375 1468 1379; x_wconf 72' lang='grc'>’</span> 
     </span>
    </p>

    <p class='ocr_par' dir='ltr' id='par_1_3' title="bbox 201 1472 1636 1762">
     <span class='ocr_line' id='line_1_10' title="bbox 201 1472 1636 1557; baseline 0.004 -23"><span class='ocrx_word' id='word_1_86' title='bbox 201 1472 317 1537; x_wconf 72' lang='lat' dir='ltr'>udatur</span> <span class='ocrx_word' id='word_1_87' title='bbox 336 1496 436 1536; x_wconf 87' lang='lat' dir='ltr'>annus</span> <span class='ocrx_word' id='word_1_88' title='bbox 454 1477 542 1536; x_wconf 89' lang='lat' dir='ltr'>numi</span> <span class='ocrx_word' id='word_1_89' title='bbox 560 1478 616 1550; x_wconf 83' lang='grc'>34,</span> <span class='ocrx_word' id='word_1_90' title='bbox 640 1476 667 1536; x_wconf 88' lang='lat' dir='ltr'>is</span> <span class='ocrx_word' id='word_1_91' title='bbox 688 1475 831 1556; x_wconf 81' lang='lat' dir='ltr'>signatus</span> <span class='ocrx_word' id='word_1_92' title='bbox 953 1474 1085 1535; x_wconf 88' lang='lat' dir='ltr'>Nullum</span> <span class='ocrx_word' id='word_1_93' title='bbox 1111 1496 1192 1557; x_wconf 86' lang='lat' dir='ltr'>ergo</span> <span class='ocrx_word' id='word_1_94' title='bbox 1215 1474 1312 1537; x_wconf 89' lang='lat' dir='ltr'>alium</span> <span class='ocrx_word' id='word_1_95' title='bbox 1333 1473 1428 1556; x_wconf 84' lang='lat' dir='ltr'>hujus</span> <span class='ocrx_word' id='word_1_96' title='bbox 1447 1476 1547 1541; x_wconf 76' lang='lat' dir='ltr'>Iuliae</span> <span class='ocrx_word' id='word_1_97' title='bbox 1565 1497 1636 1542; x_wconf 80' lang='lat' dir='ltr'>cer·</span> 
     </span>
     <span class='ocr_line' id='line_1_11' title="bbox 201 1563 1634 1664; baseline 0.005 -27"><span class='ocrx_word' id='word_1_98' title='bbox 201 1574 231 1637; x_wconf 78' lang='lat' dir='ltr'>rb</span> <span class='ocrx_word' id='word_1_99' title='bbox 252 1589 405 1639; x_wconf 85' lang='lat' dir='ltr'>autumno</span> <span class='ocrx_word' id='word_1_100' title='bbox 423 1578 464 1641; x_wconf 85' lang='lat' dir='ltr'>V.</span> <span class='ocrx_word' id='word_1_101' title='bbox 482 1577 617 1657; x_wconf 77' lang='lat' dir='ltr'>C.7ls7‚</span> <span class='ocrx_word' id='word_1_102' title='bbox 646 1589 677 1636; x_wconf 92' lang='lat' dir='ltr'>at</span> <span class='ocrx_word' id='word_1_103' title='bbox 695 1576 757 1638; x_wconf 90' lang='lat' dir='ltr'>hnc</span> <span class='ocrx_word' id='word_1_104' title='bbox 778 1576 833 1637; x_wconf 86' lang='lat' dir='ltr'>de·</span> <span class='ocrx_word' id='word_1_105' title='bbox 888 1589 956 1637; x_wconf 91' lang='lat' dir='ltr'>tum</span> <span class='ocrx_word' id='word_1_106' title='bbox 972 1597 1104 1637; x_wconf 90' lang='lat' dir='ltr'>numum</span> <span class='ocrx_word' id='word_1_107' title='bbox 1126 1577 1282 1639; x_wconf 81' lang='lat' dir='ltr'>habemus</span> <span class='ocrx_word' id='word_1_108' title='bbox 1302 1563 1522 1660; x_wconf 83' lang='lat' dir='ltr'>practereos,</span> <span class='ocrx_word' id='word_1_109' title='bbox 1553 1602 1634 1664; x_wconf 89' lang='lat' dir='ltr'>quos</span> 
     </span>
     <span class='ocr_line' id='line_1_12' title="bbox 201 1677 1633 1762; baseline 0.006 -25"><span class='ocrx_word' id='word_1_110' title='bbox 201 1697 271 1739; x_wconf 80' lang='lat' dir='ltr'>nno</span> <span class='ocrx_word' id='word_1_111' title='bbox 286 1679 374 1739; x_wconf 88' lang='lat' dir='ltr'>eirca</span> <span class='ocrx_word' id='word_1_112' title='bbox 389 1693 574 1740; x_wconf 90' lang='lat' dir='ltr'>autumnum</span> <span class='ocrx_word' id='word_1_113' title='bbox 588 1677 679 1739; x_wconf 80' lang='lat' dir='ltr'>Livia</span> <span class='ocrx_word' id='word_1_114' title='bbox 694 1700 753 1759; x_wconf 88' lang='lat' dir='ltr'>per</span> <span class='ocrx_word' id='word_1_115' title='bbox 767 1679 832 1739; x_wconf 93' lang='lat' dir='ltr'>Au·</span> <span class='ocrx_word' id='word_1_116' title='bbox 888 1699 986 1762; x_wconf 91' lang='lat' dir='ltr'>supra</span> <span class='ocrx_word' id='word_1_117' title='bbox 1026 1677 1181 1755; x_wconf 82' lang='lat' dir='ltr'>indicavi,</span> <span class='ocrx_word' id='word_1_118' title='bbox 1218 1678 1374 1741; x_wconf 78' lang='lat' dir='ltr'>Graecos.</span> <span class='ocrx_word' id='word_1_119' title='bbox 1433 1678 1633 1745; x_wconf 85' lang='lat' dir='ltr'>Pelleriuius</span> 
     </span>
    </p>
   </div>
   <div class='ocr_carea' id='block_1_3' title="bbox 201 1777 1747 1866">
    <p class='ocr_par' dir='ltr' id='par_1_4' title="bbox 201 1777 1747 1866">
     <span class='ocr_line' id='line_1_13' title="bbox 201 1777 1747 1866; baseline 0.003 -26"><span class='ocrx_word' id='word_1_120' title='bbox 201 1791 417 1841; x_wconf 84' lang='lat' dir='ltr'>estsmentum</span> <span class='ocrx_word' id='word_1_121' title='bbox 434 1779 543 1860; x_wconf 90' lang='lat' dir='ltr'>coepit</span> <span class='ocrx_word' id='word_1_122' title='bbox 559 1779 667 1840; x_wconf 85' lang='lat' dir='ltr'>vocari</span> <span class='ocrx_word' id='word_1_123' title='bbox 682 1779 780 1855; x_wconf 84' lang='lat' dir='ltr'>lulla,</span> <span class='ocrx_word' id='word_1_124' title='bbox 798 1792 832 1840; x_wconf 92' lang='lat' dir='ltr'>et</span> <span class='ocrx_word' id='word_1_125' title='bbox 889 1798 970 1863; x_wconf 71' lang='lat' dir='ltr'>vero</span> <span class='ocrx_word' id='word_1_126' title='bbox 1000 1777 1135 1840; x_wconf 91' lang='lat' dir='ltr'>nimium</span> <span class='ocrx_word' id='word_1_127' title='bbox 1156 1779 1233 1842; x_wconf 86' lang='lat' dir='ltr'>fisus</span> <span class='ocrx_word' id='word_1_128' title='bbox 1256 1793 1306 1843; x_wconf 90' lang='lat' dir='ltr'>est</span> <span class='ocrx_word' id='word_1_129' title='bbox 1328 1779 1548 1857; x_wconf 70' lang='lat' dir='ltr'>lineamentis,</span> <span class='ocrx_word' id='word_1_130' title='bbox 1587 1783 1637 1866; x_wconf 84' lang='lat' dir='ltr'>ju·</span> <span class='ocrx_word' id='word_1_131' title='bbox 1744 1816 1747 1825; x_wconf 79' lang='lat'>,</span> 
     </span>
    </p>
   </div>
   <div class='ocr_carea' id='block_1_4' title="bbox 201 1878 1636 2367">
    <p class='ocr_par' dir='ltr' id='par_1_5' title="bbox 201 1878 1636 2266">
     <span class='ocr_line' id='line_1_14' title="bbox 201 1878 1636 1964; baseline 0.001 -20"><span class='ocrx_word' id='word_1_132' title='bbox 201 1892 242 1944; x_wconf 76' lang='lat' dir='ltr'>ts.</span> <span class='ocrx_word' id='word_1_133' title='bbox 273 1880 473 1942; x_wconf 87' lang='lat' dir='ltr'>Pellerinius</span> <span class='ocrx_word' id='word_1_134' title='bbox 490 1901 530 1941; x_wconf 84' lang='lat' dir='ltr'>ex</span> <span class='ocrx_word' id='word_1_135' title='bbox 547 1878 669 1941; x_wconf 87' lang='lat' dir='ltr'>fabrica</span> <span class='ocrx_word' id='word_1_136' title='bbox 684 1879 830 1964; x_wconf 85' lang='lat' dir='ltr'>conjicit,</span> <span class='ocrx_word' id='word_1_137' title='bbox 890 1879 1120 1959; x_wconf 83' lang='lat' dir='ltr'>venilioribus,</span> <span class='ocrx_word' id='word_1_138' title='bbox 1151 1902 1246 1964; x_wconf 87' lang='lat' dir='ltr'>quam</span> <span class='ocrx_word' id='word_1_139' title='bbox 1275 1893 1311 1943; x_wconf 92' lang='lat' dir='ltr'>ut</span> <span class='ocrx_word' id='word_1_140' title='bbox 1342 1899 1454 1943; x_wconf 85' lang='lat' dir='ltr'>senem</span> <span class='ocrx_word' id='word_1_141' title='bbox 1484 1883 1548 1964; x_wconf 87' lang='lat' dir='ltr'>jam</span> <span class='ocrx_word' id='word_1_142' title='bbox 1579 1884 1636 1946; x_wconf 87' lang='lat' dir='ltr'>Li·</span> 
     </span>
     <span class='ocr_line' id='line_1_15' title="bbox 201 1979 1632 2066; baseline 0.007 -26"><span class='ocrx_word' id='word_1_143' title='bbox 201 2000 217 2040; x_wconf 87' lang='lat' dir='ltr'>u</span> <span class='ocrx_word' id='word_1_144' title='bbox 243 1979 278 2040; x_wconf 88' lang='lat' dir='ltr'>in</span> <span class='ocrx_word' id='word_1_145' title='bbox 297 1980 403 2065; x_wconf 87' lang='lat' dir='ltr'>aliqua</span> <span class='ocrx_word' id='word_1_146' title='bbox 420 1981 603 2043; x_wconf 84' lang='lat' dir='ltr'>Phoenices</span> <span class='ocrx_word' id='word_1_147' title='bbox 627 1981 707 2044; x_wconf 90' lang='lat' dir='ltr'>urbe</span> <span class='ocrx_word' id='word_1_148' title='bbox 729 1982 831 2064; x_wconf 85' lang='lat' dir='ltr'>signa·</span> <span class='ocrx_word' id='word_1_149' title='bbox 889 1982 972 2046; x_wconf 76' lang='lat' dir='ltr'>riam</span> <span class='ocrx_word' id='word_1_150' title='bbox 995 1981 1116 2047; x_wconf 84' lang='lat' dir='ltr'>decere</span> <span class='ocrx_word' id='word_1_151' title='bbox 1137 1995 1283 2066; x_wconf 87' lang='lat' dir='ltr'>possent.</span> <span class='ocrx_word' id='word_1_152' title='bbox 1313 1981 1575 2049; x_wconf 77' lang='lat' dir='ltr'>As&#39;ttnesmenu</span> <span class='ocrx_word' id='word_1_153' title='bbox 1599 1986 1632 2050; x_wconf 84' lang='lat' dir='ltr'>itt</span> 
     </span>
     <span class='ocr_line' id='line_1_16' title="bbox 201 2081 1635 2164; baseline 0.006 -20"><span class='ocrx_word' id='word_1_154' title='bbox 201 2081 323 2144; x_wconf 72' lang='lat' dir='ltr'>lonstst</span> <span class='ocrx_word' id='word_1_155' title='bbox 343 2084 523 2164; x_wconf 85' lang='lat' dir='ltr'>Augustum</span> <span class='ocrx_word' id='word_1_156' title='bbox 545 2103 629 2144; x_wconf 85' lang='lat' dir='ltr'>anno</span> <span class='ocrx_word' id='word_1_157' title='bbox 649 2082 712 2162; x_wconf 79' lang='grc'>734</span> <span class='ocrx_word' id='word_1_158' title='bbox 727 2084 759 2142; x_wconf 91' lang='lat' dir='ltr'>in</span> <span class='ocrx_word' id='word_1_159' title='bbox 775 2082 831 2161; x_wconf 87' lang='lat' dir='ltr'>Sy·</span> <span class='ocrx_word' id='word_1_160' title='bbox 889 2084 995 2147; x_wconf 84' lang='lat' dir='ltr'>numis</span> <span class='ocrx_word' id='word_1_161' title='bbox 1024 2084 1147 2152; x_wconf 80' lang='lat' dir='ltr'>exteris</span> <span class='ocrx_word' id='word_1_162' title='bbox 1176 2098 1267 2149; x_wconf 78' lang='lat' dir='ltr'>certe</span> <span class='ocrx_word' id='word_1_163' title='bbox 1288 2083 1420 2150; x_wconf 79' lang='lat' dir='ltr'>criteris</span> <span class='ocrx_word' id='word_1_164' title='bbox 1449 2104 1515 2150; x_wconf 84' lang='lat' dir='ltr'>nou</span> <span class='ocrx_word' id='word_1_165' title='bbox 1545 2084 1635 2152; x_wconf 77' lang='lat' dir='ltr'>udie-</span> 
     </span>
     <span class='ocr_line' id='line_1_17' title="bbox 201 2184 1366 2266; baseline 0.005 -23"><span class='ocrx_word' id='word_1_166' title='bbox 201 2196 333 2258; x_wconf 76' lang='lat' dir='ltr'>trstum,</span> <span class='ocrx_word' id='word_1_167' title='bbox 358 2199 391 2245; x_wconf 90' lang='lat' dir='ltr'>et</span> <span class='ocrx_word' id='word_1_168' title='bbox 417 2186 527 2266; x_wconf 87' lang='lat' dir='ltr'>plures</span> <span class='ocrx_word' id='word_1_169' title='bbox 554 2184 622 2264; x_wconf 91' lang='lat' dir='ltr'>ejus</span> <span class='ocrx_word' id='word_1_170' title='bbox 640 2197 761 2245; x_wconf 87' lang='lat' dir='ltr'>tractus</span> <span class='ocrx_word' id='word_1_171' title='bbox 779 2203 832 2245; x_wconf 90' lang='lat' dir='ltr'>ur·</span> <span class='ocrx_word' id='word_1_172' title='bbox 888 2198 976 2249; x_wconf 88' lang='lat' dir='ltr'>runt.</span> <span class='ocrx_word' id='word_1_173' title='bbox 1362 2205 1366 2213; x_wconf 89' lang='lat'><em>·</em></span> 
     </span>
    </p>

    <p class='ocr_par' dir='ltr' id='par_1_6' title="bbox 213 2286 833 2367">
     <span class='ocr_line' id='line_1_18' title="bbox 213 2286 833 2367; baseline -0.005 -20"><span class='ocrx_word' id='word_1_174' title='bbox 213 2303 257 2347; x_wconf 81' lang='lat' dir='ltr'>eu</span> <span class='ocrx_word' id='word_1_175' title='bbox 272 2305 360 2346; x_wconf 81' lang='lat' dir='ltr'>suno</span> <span class='ocrx_word' id='word_1_176' title='bbox 376 2286 501 2348; x_wconf 88' lang='lat' dir='ltr'>initium</span> <span class='ocrx_word' id='word_1_177' title='bbox 512 2299 660 2367; x_wconf 86' lang='lat' dir='ltr'>tempora</span> <span class='ocrx_word' id='word_1_178' title='bbox 672 2307 728 2347; x_wconf 85' lang='lat' dir='ltr'>suu</span> <span class='ocrx_word' id='word_1_179' title='bbox 745 2303 833 2347; x_wconf 87' lang='lat' dir='ltr'>com·</span> 
     </span>
    </p>
   </div>
   <div class='ocr_carea' id='block_1_5' title="bbox 420 2645 1313 2714">
    <p class='ocr_par' dir='ltr' id='par_1_7' title="bbox 420 2645 1313 2714">
     <span class='ocr_line' id='line_1_19' title="bbox 420 2645 1313 2714; baseline 0.003 -5"><span class='ocrx_word' id='word_1_180' title='bbox 420 2646 594 2709; x_wconf 80' lang='lat' dir='ltr'><em>CAIVS</em></span> <span class='ocrx_word' id='word_1_181' title='bbox 631 2647 706 2708; x_wconf 87' lang='grc' dir='ltr'>ΕΤ</span> <span class='ocrx_word' id='word_1_182' title='bbox 740 2645 953 2712; x_wconf 81' lang='lat' dir='ltr'><em>LVCIVS</em></span> <span class='ocrx_word' id='word_1_183' title='bbox 995 2645 1313 2714; x_wconf 65' lang='lat' dir='ltr'>CAESARE&amp;</span> 
     </span>
    </p>
   </div>
   <div class='ocr_carea' id='block_1_6' title="bbox 201 2822 1689 4024">
    <p class='ocr_par' dir='ltr' id='par_1_8' title="bbox 201 2822 1689 3518">
     <span class='ocr_line' id='line_1_20' title="bbox 201 2822 1636 2910; baseline -0.001 -20"><span class='ocrx_word' id='word_1_184' title='bbox 201 2827 246 2904; x_wconf 75' lang='lat' dir='ltr'>ius</span> <span class='ocrx_word' id='word_1_185' title='bbox 273 2840 368 2889; x_wconf 87' lang='lat' dir='ltr'>ustus</span> <span class='ocrx_word' id='word_1_186' title='bbox 391 2840 482 2910; x_wconf 86' lang='lat' dir='ltr'>patre</span> <span class='ocrx_word' id='word_1_187' title='bbox 513 2830 558 2889; x_wconf 85' lang='lat' dir='ltr'>tt.</span> <span class='ocrx_word' id='word_1_188' title='bbox 576 2825 739 2910; x_wconf 81' lang='lat' dir='ltr'>Agrippa,</span> <span class='ocrx_word' id='word_1_189' title='bbox 771 2846 835 2886; x_wconf 87' lang='lat' dir='ltr'>ma·</span> <span class='ocrx_word' id='word_1_190' title='bbox 891 2847 1023 2890; x_wconf 88' lang='lat' dir='ltr'>cecum</span> <span class='ocrx_word' id='word_1_191' title='bbox 1042 2826 1188 2890; x_wconf 76' lang='lat' dir='ltr'>barbaris</span> <span class='ocrx_word' id='word_1_192' title='bbox 1206 2836 1366 2888; x_wconf 77' lang='lat' dir='ltr'>transacta</span> <span class='ocrx_word' id='word_1_193' title='bbox 1384 2822 1529 2892; x_wconf 78' lang='lat' dir='ltr'>feliciter</span> <span class='ocrx_word' id='word_1_194' title='bbox 1548 2845 1636 2890; x_wconf 86' lang='lat' dir='ltr'>eom·</span> 
     </span>
     <span class='ocr_line' id='line_1_21' title="bbox 201 2927 1689 3013; baseline 0 -22"><span class='ocrx_word' id='word_1_195' title='bbox 201 2930 240 2991; x_wconf 83' lang='lat' dir='ltr'>lia</span> <span class='ocrx_word' id='word_1_196' title='bbox 267 2928 406 3012; x_wconf 75' lang='lat' dir='ltr'>Augusti</span> <span class='ocrx_word' id='word_1_197' title='bbox 430 2927 494 2990; x_wconf 82' lang='lat' dir='ltr'>filia</span> <span class='ocrx_word' id='word_1_198' title='bbox 521 2949 606 2991; x_wconf 87' lang='lat' dir='ltr'>anno</span> <span class='ocrx_word' id='word_1_199' title='bbox 631 2930 672 2995; x_wconf 88' lang='lat' dir='ltr'>V.</span> <span class='ocrx_word' id='word_1_200' title='bbox 689 2929 725 2992; x_wconf 88' lang='lat' dir='ltr'>C.</span> <span class='ocrx_word' id='word_1_201' title='bbox 754 2927 833 3004; x_wconf 78' lang='grc'>734,</span> <span class='ocrx_word' id='word_1_202' title='bbox 891 2929 993 3013; x_wconf 87' lang='lat' dir='ltr'>ponit.</span> <span class='ocrx_word' id='word_1_203' title='bbox 1023 2928 1277 3012; x_wconf 87' lang='lat' dir='ltr'>Propempticon</span> <span class='ocrx_word' id='word_1_204' title='bbox 1293 2945 1373 2991; x_wconf 84' lang='lat' dir='ltr'>vere</span> <span class='ocrx_word' id='word_1_205' title='bbox 1389 2947 1540 3004; x_wconf 88' lang='lat' dir='ltr'>aureum,</span> <span class='ocrx_word' id='word_1_206' title='bbox 1572 2949 1637 3011; x_wconf 88' lang='lat' dir='ltr'>quo</span> <span class='ocrx_word' id='word_1_207' title='bbox 1687 2955 1689 2959; x_wconf 60' lang='grc'>’</span> 
     </span>
     <span class='ocr_line' id='line_1_22' title="bbox 201 3028 1638 3113; baseline 0.001 -24"><span class='ocrx_word' id='word_1_208' title='bbox 201 3048 230 3092; x_wconf 86' lang='grc' dir='ltr'>ιο</span> <span class='ocrx_word' id='word_1_209' title='bbox 257 3030 319 3110; x_wconf 72' lang='lat'>737</span> <span class='ocrx_word' id='word_1_210' title='bbox 344 3028 450 3090; x_wconf 85' lang='lat' dir='ltr'>statim</span> <span class='ocrx_word' id='word_1_211' title='bbox 473 3045 546 3113; x_wconf 90' lang='lat' dir='ltr'>post</span> <span class='ocrx_word' id='word_1_212' title='bbox 571 3029 694 3091; x_wconf 83' lang='lat' dir='ltr'>natales</span> <span class='ocrx_word' id='word_1_213' title='bbox 725 3028 832 3090; x_wconf 85' lang='lat' dir='ltr'>fratris</span> <span class='ocrx_word' id='word_1_214' title='bbox 891 3030 932 3091; x_wconf 85' lang='lat' dir='ltr'>sd</span> <span class='ocrx_word' id='word_1_215' title='bbox 947 3031 1011 3095; x_wconf 90' lang='lat' dir='ltr'>hoc</span> <span class='ocrx_word' id='word_1_216' title='bbox 1028 3028 1153 3094; x_wconf 87' lang='lat' dir='ltr'>bellum</span> <span class='ocrx_word' id='word_1_217' title='bbox 1172 3038 1345 3092; x_wconf 83' lang='lat' dir='ltr'>exeuntem</span> <span class='ocrx_word' id='word_1_218' title='bbox 1371 3043 1565 3111; x_wconf 83' lang='lat' dir='ltr'>prosecutus</span> <span class='ocrx_word' id='word_1_219' title='bbox 1586 3043 1638 3092; x_wconf 85' lang='lat' dir='ltr'>est</span> 
     </span>
     <span class='ocr_line' id='line_1_23' title="bbox 206 3127 1636 3221; baseline -0.001 -28"><span class='ocrx_word' id='word_1_220' title='bbox 206 3131 249 3193; x_wconf 91' lang='lat' dir='ltr'>sb</span> <span class='ocrx_word' id='word_1_221' title='bbox 276 3134 426 3213; x_wconf 81' lang='lat' dir='ltr'>Augusto</span> <span class='ocrx_word' id='word_1_222' title='bbox 464 3131 632 3215; x_wconf 83' lang='lat' dir='ltr'>adoptatus</span> <span class='ocrx_word' id='word_1_223' title='bbox 657 3132 691 3192; x_wconf 92' lang='lat' dir='ltr'>C.</span> <span class='ocrx_word' id='word_1_224' title='bbox 714 3132 833 3193; x_wconf 80' lang='lat' dir='ltr'>Caesar</span> <span class='ocrx_word' id='word_1_225' title='bbox 892 3130 1046 3221; x_wconf 78' lang='lat' dir='ltr'>Ovidius,</span> <span class='ocrx_word' id='word_1_226' title='bbox 1067 3131 1141 3196; x_wconf 85' lang='lat' dir='ltr'>vide</span> <span class='ocrx_word' id='word_1_227' title='bbox 1156 3131 1189 3191; x_wconf 93' lang='lat' dir='ltr'>in</span> <span class='ocrx_word' id='word_1_228' title='bbox 1203 3129 1273 3210; x_wconf 86' lang='lat' dir='ltr'>ejus</span> <span class='ocrx_word' id='word_1_229' title='bbox 1289 3127 1369 3192; x_wconf 85' lang='lat' dir='ltr'>Arte</span> <span class='ocrx_word' id='word_1_230' title='bbox 1391 3127 1433 3210; x_wconf 69' lang='lat' dir='ltr'>b).</span> <span class='ocrx_word' id='word_1_231' title='bbox 1455 3131 1496 3196; x_wconf 82' lang='lat' dir='ltr'>V.</span> <span class='ocrx_word' id='word_1_232' title='bbox 1516 3130 1551 3194; x_wconf 87' lang='lat' dir='ltr'>C.</span> <span class='ocrx_word' id='word_1_233' title='bbox 1573 3128 1636 3207; x_wconf 78' lang='lat'>756</span> 
     </span>
     <span class='ocr_line' id='line_1_24' title="bbox 201 3229 1637 3316; baseline -0.002 -22"><span class='ocrx_word' id='word_1_234' title='bbox 201 3231 307 3315; x_wconf 84' lang='lat' dir='ltr'>oepit,</span> <span class='ocrx_word' id='word_1_235' title='bbox 337 3254 475 3314; x_wconf 82' lang='lat' dir='ltr'>cumque</span> <span class='ocrx_word' id='word_1_236' title='bbox 499 3247 636 3316; x_wconf 87' lang='lat' dir='ltr'>uterque</span> <span class='ocrx_word' id='word_1_237' title='bbox 664 3231 765 3292; x_wconf 86' lang='lat' dir='ltr'>frater</span> <span class='ocrx_word' id='word_1_238' title='bbox 793 3251 834 3292; x_wconf 89' lang='lat' dir='ltr'>ex</span> <span class='ocrx_word' id='word_1_239' title='bbox 893 3232 969 3293; x_wconf 79' lang='lat' dir='ltr'>&lt;lum</span> <span class='ocrx_word' id='word_1_240' title='bbox 993 3236 1186 3315; x_wconf 80' lang='lat' dir='ltr'>Artageram</span> <span class='ocrx_word' id='word_1_241' title='bbox 1212 3230 1388 3293; x_wconf 89' lang='lat' dir='ltr'>Armeniae</span> <span class='ocrx_word' id='word_1_242' title='bbox 1413 3229 1529 3293; x_wconf 89' lang='lat' dir='ltr'>urbem</span> <span class='ocrx_word' id='word_1_243' title='bbox 1554 3230 1637 3293; x_wconf 85' lang='lat' dir='ltr'>obsi·</span> 
     </span>
     <span class='ocr_line' id='line_1_25' title="bbox 211 3331 1636 3416; baseline 0.001 -21"><span class='ocrx_word' id='word_1_244' title='bbox 211 3347 321 3396; x_wconf 86' lang='lat' dir='ltr'>mente</span> <span class='ocrx_word' id='word_1_245' title='bbox 344 3333 430 3396; x_wconf 82' lang='lat' dir='ltr'>ltaud</span> <span class='ocrx_word' id='word_1_246' title='bbox 455 3332 571 3395; x_wconf 88' lang='lat' dir='ltr'>dubius</span> <span class='ocrx_word' id='word_1_247' title='bbox 590 3347 676 3395; x_wconf 87' lang='lat' dir='ltr'>esset</span> <span class='ocrx_word' id='word_1_248' title='bbox 703 3331 834 3414; x_wconf 90' lang='lat' dir='ltr'>imperii</span> <span class='ocrx_word' id='word_1_249' title='bbox 893 3333 966 3409; x_wconf 89' lang='lat' dir='ltr'>det,</span> <span class='ocrx_word' id='word_1_250' title='bbox 999 3346 1032 3396; x_wconf 86' lang='lat' dir='ltr'>et</span> <span class='ocrx_word' id='word_1_251' title='bbox 1063 3333 1221 3396; x_wconf 82' lang='lat' dir='ltr'>incautius</span> <span class='ocrx_word' id='word_1_252' title='bbox 1251 3332 1285 3392; x_wconf 91' lang='lat' dir='ltr'>in</span> <span class='ocrx_word' id='word_1_253' title='bbox 1323 3331 1522 3416; x_wconf 86' lang='lat' dir='ltr'>colloquium</span> <span class='ocrx_word' id='word_1_254' title='bbox 1562 3355 1636 3396; x_wconf 91' lang='lat' dir='ltr'>cum</span> 
     </span>
     <span class='ocr_line' id='line_1_26' title="bbox 201 3430 1639 3518; baseline -0.001 -20"><span class='ocrx_word' id='word_1_255' title='bbox 201 3456 277 3513; x_wconf 83' lang='lat' dir='ltr'>uor,</span> <span class='ocrx_word' id='word_1_256' title='bbox 300 3449 481 3518; x_wconf 90' lang='lat' dir='ltr'>coeperunt</span> <span class='ocrx_word' id='word_1_257' title='bbox 495 3436 591 3496; x_wconf 89' lang='lat' dir='ltr'>etiam</span> <span class='ocrx_word' id='word_1_258' title='bbox 609 3434 762 3495; x_wconf 88' lang='lat' dir='ltr'>maturari</span> <span class='ocrx_word' id='word_1_259' title='bbox 778 3433 835 3496; x_wconf 89' lang='lat' dir='ltr'>ho·</span> <span class='ocrx_word' id='word_1_260' title='bbox 891 3434 986 3498; x_wconf 87' lang='lat' dir='ltr'>hoste</span> <span class='ocrx_word' id='word_1_261' title='bbox 1011 3433 1178 3517; x_wconf 86' lang='lat' dir='ltr'>procedit,</span> <span class='ocrx_word' id='word_1_262' title='bbox 1206 3453 1266 3518; x_wconf 88' lang='lat' dir='ltr'>per</span> <span class='ocrx_word' id='word_1_263' title='bbox 1284 3430 1415 3494; x_wconf 83' lang='lat' dir='ltr'>insidias</span> <span class='ocrx_word' id='word_1_264' title='bbox 1444 3453 1543 3515; x_wconf 81' lang='lat' dir='ltr'>grave</span> <span class='ocrx_word' id='word_1_265' title='bbox 1568 3437 1639 3498; x_wconf 82' lang='lat' dir='ltr'>vul·</span> 
     </span>
    </p>

    <p class='ocr_par' dir='ltr' id='par_1_9' title="bbox 201 3526 1639 4024">
     <span class='ocr_line' id='line_1_27' title="bbox 248 3526 1637 3618; baseline -0.001 -20"><span class='ocrx_word' id='word_1_266' title='bbox 248 3526 387 3600; x_wconf 81' lang='lat' dir='ltr'>Praeter</span> <span class='ocrx_word' id='word_1_267' title='bbox 419 3538 561 3597; x_wconf 90' lang='lat' dir='ltr'>minores</span> <span class='ocrx_word' id='word_1_268' title='bbox 596 3535 687 3611; x_wconf 89' lang='lat' dir='ltr'>illos,</span> <span class='ocrx_word' id='word_1_269' title='bbox 720 3533 833 3617; x_wconf 90' lang='lat' dir='ltr'>quiin</span> <span class='ocrx_word' id='word_1_270' title='bbox 891 3535 1093 3618; x_wconf 82' lang='lat' dir='ltr'>nusuccipit.</span> <span class='ocrx_word' id='word_1_271' title='bbox 1136 3535 1221 3599; x_wconf 78' lang='lat' dir='ltr'>Exin</span> <span class='ocrx_word' id='word_1_272' title='bbox 1245 3532 1351 3598; x_wconf 85' lang='lat' dir='ltr'>animo</span> <span class='ocrx_word' id='word_1_273' title='bbox 1377 3553 1495 3616; x_wconf 80' lang='lat' dir='ltr'>aeger,</span> <span class='ocrx_word' id='word_1_274' title='bbox 1534 3547 1568 3597; x_wconf 90' lang='lat' dir='ltr'>et</span> <span class='ocrx_word' id='word_1_275' title='bbox 1589 3534 1637 3616; x_wconf 84' lang='lat' dir='ltr'>ju·</span> 
     </span>
     <span class='ocr_line' id='line_1_28' title="bbox 201 3627 1638 3722; baseline -0.002 -23"><span class='ocrx_word' id='word_1_276' title='bbox 201 3658 264 3699; x_wconf 70' lang='lat' dir='ltr'>rum</span> <span class='ocrx_word' id='word_1_277' title='bbox 302 3637 518 3720; x_wconf 81' lang='lat' dir='ltr'>explicatione</span> <span class='ocrx_word' id='word_1_278' title='bbox 551 3627 835 3710; x_wconf 88' lang='lat' dir='ltr'>memorabuntur,</span> <span class='ocrx_word' id='word_1_279' title='bbox 890 3637 990 3722; x_wconf 89' lang='lat' dir='ltr'>bente</span> <span class='ocrx_word' id='word_1_280' title='bbox 1018 3636 1167 3720; x_wconf 82' lang='lat' dir='ltr'>Augusto</span> <span class='ocrx_word' id='word_1_281' title='bbox 1191 3638 1328 3697; x_wconf 84' lang='lat' dir='ltr'>Romam</span> <span class='ocrx_word' id='word_1_282' title='bbox 1351 3653 1505 3696; x_wconf 82' lang='lat' dir='ltr'>reversus</span> <span class='ocrx_word' id='word_1_283' title='bbox 1530 3635 1638 3716; x_wconf 87' lang='lat' dir='ltr'>Limy-</span> 
     </span>
     <span class='ocr_line' id='line_1_29' title="bbox 220 3734 1638 3822; baseline -0.001 -22"><span class='ocrx_word' id='word_1_284' title='bbox 220 3738 262 3805; x_wconf 81' lang='lat' dir='ltr'>V.</span> <span class='ocrx_word' id='word_1_285' title='bbox 286 3738 323 3802; x_wconf 86' lang='lat' dir='ltr'>C.</span> <span class='ocrx_word' id='word_1_286' title='bbox 343 3740 406 3818; x_wconf 82' lang='grc'>748</span> <span class='ocrx_word' id='word_1_287' title='bbox 437 3739 470 3798; x_wconf 90' lang='lat' dir='ltr'>in</span> <span class='ocrx_word' id='word_1_288' title='bbox 504 3740 689 3822; x_wconf 85' lang='lat' dir='ltr'>proximum</span> <span class='ocrx_word' id='word_1_289' title='bbox 717 3757 833 3798; x_wconf 89' lang='lat' dir='ltr'>annum</span> <span class='ocrx_word' id='word_1_290' title='bbox 891 3758 948 3800; x_wconf 86' lang='lat' dir='ltr'>rae</span> <span class='ocrx_word' id='word_1_291' title='bbox 975 3737 1095 3818; x_wconf 81' lang='lat' dir='ltr'>Lyciae</span> <span class='ocrx_word' id='word_1_292' title='bbox 1125 3737 1343 3819; x_wconf 85' lang='lat' dir='ltr'>exstinguitur</span> <span class='ocrx_word' id='word_1_293' title='bbox 1365 3734 1407 3800; x_wconf 85' lang='lat' dir='ltr'>V.</span> <span class='ocrx_word' id='word_1_294' title='bbox 1427 3735 1464 3799; x_wconf 87' lang='lat' dir='ltr'>C.</span> <span class='ocrx_word' id='word_1_295' title='bbox 1491 3739 1554 3817; x_wconf 89' lang='lat'>757</span> <span class='ocrx_word' id='word_1_296' title='bbox 1584 3736 1638 3798; x_wconf 87' lang='lat' dir='ltr'>die</span> 
     </span>
     <span class='ocr_line' id='line_1_30' title="bbox 201 3833 1638 3925; baseline -0.002 -24"><span class='ocrx_word' id='word_1_297' title='bbox 201 3844 341 3925; x_wconf 85' lang='lat' dir='ltr'>signatus</span> <span class='ocrx_word' id='word_1_298' title='bbox 365 3841 497 3915; x_wconf 88' lang='lat' dir='ltr'>consul,</span> <span class='ocrx_word' id='word_1_299' title='bbox 529 3853 591 3922; x_wconf 63' lang='grc'>744</span> <span class='ocrx_word' id='word_1_300' title='bbox 619 3840 722 3901; x_wconf 90' lang='lat' dir='ltr'>dictus</span> <span class='ocrx_word' id='word_1_301' title='bbox 748 3837 835 3923; x_wconf 90' lang='lat' dir='ltr'>prin·</span> <span class='ocrx_word' id='word_1_302' title='bbox 891 3838 977 3900; x_wconf 82' lang='lat' dir='ltr'>Xlll.</span> <span class='ocrx_word' id='word_1_303' title='bbox 1000 3836 1191 3914; x_wconf 85' lang='lat' dir='ltr'>Februarii,</span> <span class='ocrx_word' id='word_1_304' title='bbox 1222 3851 1258 3899; x_wconf 90' lang='lat' dir='ltr'>ut</span> <span class='ocrx_word' id='word_1_305' title='bbox 1275 3833 1444 3920; x_wconf 80' lang='lat' dir='ltr'>praeclare</span> <span class='ocrx_word' id='word_1_306' title='bbox 1467 3855 1509 3898; x_wconf 82' lang='lat' dir='ltr'>ex</span> <span class='ocrx_word' id='word_1_307' title='bbox 1534 3838 1638 3898; x_wconf 86' lang='lat' dir='ltr'>Ceno·</span> 
     </span>
     <span class='ocr_line' id='line_1_31' title="bbox 202 3936 1639 4024; baseline -0.003 -20"><span class='ocrx_word' id='word_1_308' title='bbox 202 3941 389 4024; x_wconf 77' lang='lat' dir='ltr'>juventutis·</span> <span class='ocrx_word' id='word_1_309' title='bbox 441 3939 483 4008; x_wconf 83' lang='lat' dir='ltr'>V.</span> <span class='ocrx_word' id='word_1_310' title='bbox 509 3941 544 4002; x_wconf 86' lang='lat' dir='ltr'>C.</span> <span class='ocrx_word' id='word_1_311' title='bbox 577 3938 639 4019; x_wconf 83' lang='lat'>753</span> <span class='ocrx_word' id='word_1_312' title='bbox 664 3940 698 4002; x_wconf 90' lang='lat' dir='ltr'>in</span> <span class='ocrx_word' id='word_1_313' title='bbox 725 3939 835 4001; x_wconf 83' lang='lat' dir='ltr'>Asiam</span> <span class='ocrx_word' id='word_1_314' title='bbox 897 3936 1009 4020; x_wconf 89' lang='lat' dir='ltr'>taphio</span> <span class='ocrx_word' id='word_1_315' title='bbox 1029 3938 1149 4002; x_wconf 78' lang='lat' dir='ltr'>Pisano</span> <span class='ocrx_word' id='word_1_316' title='bbox 1180 3937 1266 4001; x_wconf 87' lang='lat' dir='ltr'>eruit</span> <span class='ocrx_word' id='word_1_317' title='bbox 1291 3936 1442 3999; x_wconf 85' lang='lat' dir='ltr'>Norisius</span> <span class='ocrx_word' id='word_1_318' title='bbox 1466 3940 1506 4020; x_wconf 72' lang='grc' dir='ltr'>ο).</span> <span class='ocrx_word' id='word_1_319' title='bbox 1546 3937 1639 4000; x_wconf 84' lang='lat' dir='ltr'>Liris</span> 
     </span>
    </p>
   </div>
   <div class='ocr_carea' id='block_1_7' title="bbox 201 4037 1741 4126">
    <p class='ocr_par' dir='ltr' id='par_1_10' title="bbox 201 4037 1741 4126">
     <span class='ocr_line' id='line_1_32' title="bbox 201 4037 1741 4126; baseline -0.005 -21"><span class='ocrx_word' id='word_1_320' title='bbox 201 4041 310 4105; x_wconf 76' lang='lat' dir='ltr'>iacitur</span> <span class='ocrx_word' id='word_1_321' title='bbox 353 4062 427 4107; x_wconf 88' lang='lat' dir='ltr'>cum</span> <span class='ocrx_word' id='word_1_322' title='bbox 484 4042 710 4126; x_wconf 86' lang='lat' dir='ltr'>proconsulari</span> <span class='ocrx_word' id='word_1_323' title='bbox 742 4040 843 4126; x_wconf 91' lang='lat' dir='ltr'>impe·</span> <span class='ocrx_word' id='word_1_324' title='bbox 898 4038 1013 4103; x_wconf 89' lang='lat' dir='ltr'>mortis</span> <span class='ocrx_word' id='word_1_325' title='bbox 1036 4054 1260 4124; x_wconf 78' lang='lat' dir='ltr'>praematurae</span> <span class='ocrx_word' id='word_1_326' title='bbox 1286 4037 1470 4124; x_wconf 90' lang='lat' dir='ltr'>suspicione</span> <span class='ocrx_word' id='word_1_327' title='bbox 1500 4056 1565 4101; x_wconf 89' lang='lat' dir='ltr'>uon</span> <span class='ocrx_word' id='word_1_328' title='bbox 1590 4056 1642 4099; x_wconf 89' lang='lat' dir='ltr'>cs·</span> <span class='ocrx_word' id='word_1_329' title='bbox 1734 4106 1741 4123; x_wconf 32' lang='grc' dir='ltr'>ι</span> 
     </span>
    </p>
   </div>
   <div class='ocr_carea' id='block_1_8' title="bbox 201 4137 1734 4435">
    <p class='ocr_par' dir='ltr' id='par_1_11' title="bbox 201 4137 1734 4435">
     <span class='ocr_line' id='line_1_33' title="bbox 201 4137 1639 4229; baseline -0.003 -23"><span class='ocrx_word' id='word_1_330' title='bbox 201 4149 294 4229; x_wconf 72' lang='grc'>,754</span> <span class='ocrx_word' id='word_1_331' title='bbox 316 4142 411 4226; x_wconf 85' lang='lat' dir='ltr'>hujus</span> <span class='ocrx_word' id='word_1_332' title='bbox 427 4143 502 4206; x_wconf 84' lang='lat' dir='ltr'>anni</span> <span class='ocrx_word' id='word_1_333' title='bbox 523 4142 636 4206; x_wconf 86' lang='lat' dir='ltr'>consul</span> <span class='ocrx_word' id='word_1_334' title='bbox 657 4142 782 4206; x_wconf 87' lang='lat' dir='ltr'>bellum</span> <span class='ocrx_word' id='word_1_335' title='bbox 808 4142 843 4203; x_wconf 91' lang='lat' dir='ltr'>in</span> <span class='ocrx_word' id='word_1_336' title='bbox 898 4141 963 4203; x_wconf 90' lang='lat' dir='ltr'>ruit</span> <span class='ocrx_word' id='word_1_337' title='bbox 989 4139 1125 4207; x_wconf 85' lang='lat' dir='ltr'>testibus</span> <span class='ocrx_word' id='word_1_338' title='bbox 1149 4140 1264 4209; x_wconf 84' lang='lat' dir='ltr'>Tacito</span> <span class='ocrx_word' id='word_1_339' title='bbox 1288 4137 1336 4225; x_wconf 83' lang='lat' dir='ltr'>d),</span> <span class='ocrx_word' id='word_1_340' title='bbox 1369 4152 1403 4203; x_wconf 85' lang='lat' dir='ltr'>et</span> <span class='ocrx_word' id='word_1_341' title='bbox 1426 4138 1533 4202; x_wconf 87' lang='lat' dir='ltr'>Dione</span> <span class='ocrx_word' id='word_1_342' title='bbox 1555 4138 1639 4222; x_wconf 82' lang='lat' dir='ltr'>spud</span> 
     </span>
     <span class='ocr_line' id='line_1_34' title="bbox 201 4243 1734 4331; baseline -0.011 -20"><span class='ocrx_word' id='word_1_343' title='bbox 201 4265 256 4321; x_wconf 83' lang='lat' dir='ltr'>us,</span> <span class='ocrx_word' id='word_1_344' title='bbox 278 4245 336 4331; x_wconf 88' lang='lat' dir='ltr'>qui</span> <span class='ocrx_word' id='word_1_345' title='bbox 359 4266 433 4310; x_wconf 84' lang='lat' dir='ltr'>sese</span> <span class='ocrx_word' id='word_1_346' title='bbox 460 4245 637 4308; x_wconf 88' lang='lat' dir='ltr'>Armeniae</span> <span class='ocrx_word' id='word_1_347' title='bbox 660 4245 759 4308; x_wconf 86' lang='lat' dir='ltr'>rebus</span> <span class='ocrx_word' id='word_1_348' title='bbox 784 4243 842 4306; x_wconf 92' lang='lat' dir='ltr'>mi·</span> <span class='ocrx_word' id='word_1_349' title='bbox 899 4243 1070 4312; x_wconf 84' lang='lat' dir='ltr'>Zonaram.</span> <span class='ocrx_word' id='word_1_350' title='bbox 1125 4245 1130 4255; x_wconf 93' lang='lat'>&#39;</span> <span class='ocrx_word' id='word_1_351' title='bbox 1731 4316 1734 4321; x_wconf 18' lang='grc' dir='ltr'>Ι</span> 
     </span>
     <span class='ocr_line' id='line_1_35' title="bbox 201 4337 1642 4435; baseline -0.008 -24"><span class='ocrx_word' id='word_1_352' title='bbox 201 4367 227 4425; x_wconf 84' lang='lat' dir='ltr'>t,</span> <span class='ocrx_word' id='word_1_353' title='bbox 259 4361 368 4435; x_wconf 76' lang='lat' dir='ltr'>parnt,</span> <span class='ocrx_word' id='word_1_354' title='bbox 395 4348 495 4434; x_wconf 80' lang='lat' dir='ltr'>idque</span> <span class='ocrx_word' id='word_1_355' title='bbox 516 4369 600 4410; x_wconf 88' lang='lat' dir='ltr'>snno</span> <span class='ocrx_word' id='word_1_356' title='bbox 615 4359 775 4434; x_wconf 84' lang='lat' dir='ltr'>sequente</span> <span class='ocrx_word' id='word_1_357' title='bbox 790 4368 845 4431; x_wconf 90' lang='lat' dir='ltr'>pa·</span> <span class='ocrx_word' id='word_1_358' title='bbox 962 4343 1109 4412; x_wconf 82' lang='lat' dir='ltr'>onrem</span> <span class='ocrx_word' id='word_1_359' title='bbox 1134 4342 1246 4408; x_wconf 81' lang='lat' dir='ltr'>ltubuit</span> <span class='ocrx_word' id='word_1_360' title='bbox 1263 4342 1396 4405; x_wconf 73' lang='lat' dir='ltr'>Liuium</span> <span class='ocrx_word' id='word_1_361' title='bbox 1411 4337 1512 4401; x_wconf 84' lang='lat' dir='ltr'>Drusi</span> <span class='ocrx_word' id='word_1_362' title='bbox 1528 4351 1561 4401; x_wconf 83' lang='lat' dir='ltr'>et</span> <span class='ocrx_word' id='word_1_363' title='bbox 1579 4341 1642 4400; x_wconf 86' lang='lat' dir='ltr'>An·</span> 
     </span>
    </p>
   </div>
   <div class='ocr_carea' id='block_1_9' title="bbox 201 4563 1641 4682">
    <p class='ocr_par' dir='ltr' id='par_1_12' title="bbox 201 4563 1641 4682">
     <span class='ocr_line' id='line_1_36' title="bbox 201 4563 1641 4682; baseline -0.006 -16"><span class='ocrx_word' id='word_1_364' title='bbox 201 4606 484 4667; x_wconf 62' lang='lat' dir='ltr'>mesanum.</span> <span class='ocrx_word' id='word_1_365' title='bbox 565 4607 603 4682; x_wconf 83' lang='grc' dir='ltr'>ι)</span> <span class='ocrx_word' id='word_1_366' title='bbox 620 4606 653 4667; x_wconf 83' lang='grc' dir='ltr'>ι.</span> <span class='ocrx_word' id='word_1_367' title='bbox 664 4607 687 4666; x_wconf 87' lang='grc' dir='ltr'>ι.</span> <span class='ocrx_word' id='word_1_368' title='bbox 704 4617 801 4668; x_wconf 71' lang='lat' dir='ltr'>mn.</span> <span class='ocrx_word' id='word_1_369' title='bbox 817 4623 879 4681; x_wconf 70' lang='lat' dir='ltr'>seq.</span> <span class='ocrx_word' id='word_1_370' title='bbox 961 4603 991 4676; x_wconf 74' lang='lat' dir='ltr'>c)</span> <span class='ocrx_word' id='word_1_371' title='bbox 1010 4563 1088 4676; x_wconf 76' lang='lat' dir='ltr'>uns.</span> <span class='ocrx_word' id='word_1_372' title='bbox 1099 4599 1136 4661; x_wconf 91' lang='grc' dir='ltr'>ιι.</span> <span class='ocrx_word' id='word_1_373' title='bbox 1153 4619 1178 4659; x_wconf 75' lang='lat'>0.</span> <span class='ocrx_word' id='word_1_374' title='bbox 1190 4611 1232 4664; x_wconf 77' lang='lat' dir='ltr'>n.</span> <span class='ocrx_word' id='word_1_375' title='bbox 1316 4597 1352 4670; x_wconf 78' lang='lat' dir='ltr'>u)</span> <span class='ocrx_word' id='word_1_376' title='bbox 1373 4597 1448 4659; x_wconf 72' lang='lat' dir='ltr'>sun.</span> <span class='ocrx_word' id='word_1_377' title='bbox 1466 4595 1530 4658; x_wconf 74' lang='lat' dir='ltr'>ut.</span> <span class='ocrx_word' id='word_1_378' title='bbox 1548 4597 1641 4655; x_wconf 74' lang='lat' dir='ltr'>atv.</span> 
     </span>
    </p>
   </div>
   <div class='ocr_carea' id='block_1_10' title="bbox 201 4793 1398 4885">
    <p class='ocr_par' dir='ltr' id='par_1_13' title="bbox 201 4793 1398 4885">
     <span class='ocr_line' id='line_1_37' title="bbox 201 4793 1398 4885; baseline 0.001 -15"><span class='ocrx_word' id='word_1_379' title='bbox 201 4805 255 4870; x_wconf 63' lang='grc' dir='ltr'>ὀι</span> <span class='ocrx_word' id='word_1_380' title='bbox 268 4803 348 4885; x_wconf 73' lang='lat'>71.)</span> <span class='ocrx_word' id='word_1_381' title='bbox 957 4876 960 4883; x_wconf 16' lang='grc' dir='ltr'><strong><em>Δ</em></strong></span> <span class='ocrx_word' id='word_1_382' title='bbox 1369 4793 1398 4852; x_wconf 74' lang='lat' dir='ltr'><strong>Y</strong></span> 
     </span>
    </p>
   </div>
   <div class='ocr_carea' id='block_1_11' title="bbox 0 0 2013 5370">
    <p class='ocr_par' dir='ltr' id='par_1_14' title="bbox 0 0 2013 5370">
     <span class='ocr_line' id='line_1_38' title="bbox 0 0 2013 5370; baseline 0 0"><span class='ocrx_word' id='word_1_383' title='bbox 0 0 2013 5370; x_wconf 95' lang='lat' dir='ltr'> </span> 
     </span>
    </p>
   </div>
  </div>
 </body>
</html>
