<?xml version="1.0" encoding="UTF-8"?>
<!DOCTYPE html PUBLIC "-//W3C//DTD XHTML 1.0 Transitional//EN"
    "http://www.w3.org/TR/xhtml1/DTD/xhtml1-transitional.dtd">
<html xmlns="http://www.w3.org/1999/xhtml" xml:lang="en" lang="en">
 <head>
  <title>
</title>
<meta http-equiv="Content-Type" content="text/html;charset=utf-8" />
  <meta name='ocr-system' content='tesseract 3.04.00' />
  <meta name='ocr-capabilities' content='ocr_page ocr_carea ocr_par ocr_line ocrx_word'/>
</head>
<body>
  <div class='ocr_page' id='page_1' title='image "./doctrinanumorum00steigoog/doctrinanumorum00steigoog_0209.png"; bbox 0 0 4012 5370; ppageno 0'>
   <div class='ocr_carea' id='block_1_1' title="bbox 225 441 1138 539">
    <p class='ocr_par' dir='ltr' id='par_1_1' title="bbox 225 441 1138 539">
     <span class='ocr_line' id='line_1_1' title="bbox 225 441 1138 539; baseline -0.011 -18"><span class='ocrx_word' id='word_1_1' title='bbox 225 472 292 539; x_wconf 58' lang='lat'><strong>,80</strong></span> <span class='ocrx_word' id='word_1_2' title='bbox 849 441 1138 516; x_wconf 77' lang='lat' dir='ltr'><strong>Aureum.</strong></span> 
     </span>
    </p>
   </div>
   <div class='ocr_carea' id='block_1_2' title="bbox 220 604 1759 803">
    <p class='ocr_par' dir='ltr' id='par_1_2' title="bbox 220 604 1759 803">
     <span class='ocr_line' id='line_1_2' title="bbox 220 604 1758 701; baseline -0.01 -15"><span class='ocrx_word' id='word_1_3' title='bbox 220 620 408 695; x_wconf 84' lang='lat' dir='ltr'><strong>Claudium,</strong></span> <span class='ocrx_word' id='word_1_4' title='bbox 432 631 532 701; x_wconf 67' lang='lat' dir='ltr'><strong>&#39;typus</strong></span> <span class='ocrx_word' id='word_1_5' title='bbox 557 614 598 678; x_wconf 90' lang='lat' dir='ltr'><strong>ad</strong></span> <span class='ocrx_word' id='word_1_6' title='bbox 616 613 789 677; x_wconf 81' lang='lat' dir='ltr'><strong>Antoniam</strong></span> <span class='ocrx_word' id='word_1_7' title='bbox 806 614 965 696; x_wconf 74' lang='lat' dir='ltr'><strong>pertinet,</strong></span> <span class='ocrx_word' id='word_1_8' title='bbox 1021 608 1147 672; x_wconf 88' lang='lat' dir='ltr'><strong>Plinius</strong></span> <span class='ocrx_word' id='word_1_9' title='bbox 1169 608 1212 691; x_wconf 59' lang='grc' dir='ltr'><strong>θ).</strong></span> <span class='ocrx_word' id='word_1_10' title='bbox 1260 606 1360 671; x_wconf 81' lang='lat' dir='ltr'><strong>Hono</strong></span> <span class='ocrx_word' id='word_1_11' title='bbox 1396 606 1482 690; x_wconf 75' lang='lat' dir='ltr'><strong>gutli</strong></span> <span class='ocrx_word' id='word_1_12' title='bbox 1517 604 1580 669; x_wconf 79' lang='lat' dir='ltr'><strong>lilii</strong></span> <span class='ocrx_word' id='word_1_13' title='bbox 1605 604 1758 672; x_wconf 72' lang='lat' dir='ltr'><strong>adhem-</strong></span> 
     </span>
     <span class='ocr_line' id='line_1_3' title="bbox 220 707 1759 803; baseline -0.007 -15"><span class='ocrx_word' id='word_1_14' title='bbox 220 723 355 788; x_wconf 83' lang='lat' dir='ltr'><strong>diilicile</strong></span> <span class='ocrx_word' id='word_1_15' title='bbox 372 732 440 798; x_wconf 89' lang='lat' dir='ltr'><strong>ost,</strong></span> <span class='ocrx_word' id='word_1_16' title='bbox 469 719 564 803; x_wconf 88' lang='lat' dir='ltr'><strong>hujus</strong></span> <span class='ocrx_word' id='word_1_17' title='bbox 581 714 706 780; x_wconf 87' lang='lat' dir='ltr'><strong>dissidii</strong></span> <span class='ocrx_word' id='word_1_18' title='bbox 722 733 852 779; x_wconf 68' lang='lat' dir='ltr'><strong>eanum</strong></span> <span class='ocrx_word' id='word_1_19' title='bbox 865 733 965 799; x_wconf 83' lang='lat' dir='ltr'><strong>expo-</strong></span> <span class='ocrx_word' id='word_1_20' title='bbox 1021 710 1132 778; x_wconf 84' lang='lat' dir='ltr'><strong>edocti</strong></span> <span class='ocrx_word' id='word_1_21' title='bbox 1142 709 1296 795; x_wconf 76' lang='lat' dir='ltr'><strong>Aegyptii</strong></span> <span class='ocrx_word' id='word_1_22' title='bbox 1304 708 1467 772; x_wconf 78' lang='lat' dir='ltr'><strong>Antoniae</strong></span> <span class='ocrx_word' id='word_1_23' title='bbox 1483 707 1616 775; x_wconf 71' lang='lat' dir='ltr'><strong>vultum</strong></span> <span class='ocrx_word' id='word_1_24' title='bbox 1629 709 1666 773; x_wconf 90' lang='lat' dir='ltr'><strong>in</strong></span> <span class='ocrx_word' id='word_1_25' title='bbox 1677 728 1759 777; x_wconf 80' lang='lat' dir='ltr'><strong>nter·</strong></span> 
     </span>
    </p>
   </div>
   <div class='ocr_carea' id='block_1_3' title="bbox 219 808 1590 939">
    <p class='ocr_par' dir='ltr' id='par_1_3' title="bbox 219 808 1590 939">
     <span class='ocr_line' id='line_1_4' title="bbox 219 808 1590 939; baseline -0.009 -50"><span class='ocrx_word' id='word_1_26' title='bbox 219 846 312 892; x_wconf 88' lang='lat' dir='ltr'><strong>nere.</strong></span> <span class='ocrx_word' id='word_1_27' title='bbox 474 838 482 845; x_wconf 83' lang='lat'><strong>‘</strong></span> <span class='ocrx_word' id='word_1_28' title='bbox 581 902 602 939; x_wconf 38' lang='grc' dir='ltr'>ι</span> <span class='ocrx_word' id='word_1_29' title='bbox 1024 836 1059 879; x_wconf 81' lang='lat' dir='ltr'><strong>sn</strong></span> <span class='ocrx_word' id='word_1_30' title='bbox 1071 833 1246 878; x_wconf 84' lang='lat' dir='ltr'><strong>numerum</strong></span> <span class='ocrx_word' id='word_1_31' title='bbox 1259 808 1393 875; x_wconf 83' lang='lat' dir='ltr'><strong>Claudii</strong></span> <span class='ocrx_word' id='word_1_32' title='bbox 1403 811 1590 894; x_wconf 77' lang='lat' dir='ltr'><strong>signavere.</strong></span> 
     </span>
    </p>
   </div>
   <div class='ocr_carea' id='block_1_4' title="bbox 360 945 1516 1135">
    <p class='ocr_par' dir='ltr' id='par_1_4' title="bbox 360 945 1516 1135">
     <span class='ocr_line' id='line_1_5' title="bbox 360 945 1516 1135; baseline -0.015 -45"><span class='ocrx_word' id='word_1_33' title='bbox 360 951 572 1090; x_wconf 69' lang='lat' dir='ltr'><strong>tusciam.</strong></span> <span class='ocrx_word' id='word_1_34' title='bbox 593 945 816 1091; x_wconf 61' lang='lat' dir='ltr'><strong>urcisci</strong></span> <span class='ocrx_word' id='word_1_35' title='bbox 858 1018 968 1102; x_wconf 72' lang='lat' dir='ltr'><strong>capue</strong></span> <span class='ocrx_word' id='word_1_36' title='bbox 1271 1050 1377 1116; x_wconf 54' lang='lat' dir='ltr'><strong>Num,</strong></span> <span class='ocrx_word' id='word_1_37' title='bbox 1394 1052 1516 1135; x_wconf 54' lang='lat' dir='ltr'><strong><em>m</em></strong></span> 
     </span>
    </p>
   </div>
   <div class='ocr_carea' id='block_1_5' title="bbox 357 1130 493 1192">
    <p class='ocr_par' dir='ltr' id='par_1_5' title="bbox 357 1130 493 1192">
     <span class='ocr_line' id='line_1_6' title="bbox 357 1130 493 1192; baseline 0.015 -2"><span class='ocrx_word' id='word_1_38' title='bbox 357 1130 493 1192; x_wconf 82' lang='lat' dir='ltr'><strong>nudum.</strong></span> 
     </span>
    </p>
   </div>
   <div class='ocr_carea' id='block_1_6' title="bbox 138 1216 1771 4450">
    <p class='ocr_par' dir='ltr' id='par_1_6' title="bbox 138 1216 1771 4450">
     <span class='ocr_line' id='line_1_7' title="bbox 221 1216 1749 1305; baseline -0.008 -13"><span class='ocrx_word' id='word_1_39' title='bbox 221 1235 276 1295; x_wconf 85' lang='grc' dir='ltr'><strong>ΤΙ.</strong></span> <span class='ocrx_word' id='word_1_40' title='bbox 295 1229 525 1295; x_wconf 74' lang='lat' dir='ltr'><strong>cuuvlttvs.</strong></span> <span class='ocrx_word' id='word_1_41' title='bbox 545 1224 728 1289; x_wconf 70' lang='lat' dir='ltr'><strong>eleseu.</strong></span> <span class='ocrx_word' id='word_1_42' title='bbox 745 1220 847 1289; x_wconf 76' lang='lat' dir='ltr'><strong>Avo.</strong></span> <span class='ocrx_word' id='word_1_43' title='bbox 860 1222 898 1281; x_wconf 89' lang='lat' dir='ltr'><strong>P.</strong></span> <span class='ocrx_word' id='word_1_44' title='bbox 918 1222 967 1286; x_wconf 82' lang='lat' dir='ltr'><strong>tt.</strong></span> <span class='ocrx_word' id='word_1_45' title='bbox 1166 1217 1377 1283; x_wconf 63' lang='lat' dir='ltr'><strong>Autome</strong></span> <span class='ocrx_word' id='word_1_46' title='bbox 1402 1216 1625 1289; x_wconf 68' lang='lat' dir='ltr'><strong>stvsTs,</strong></span> <span class='ocrx_word' id='word_1_47' title='bbox 1662 1222 1749 1305; x_wconf 74' lang='lat' dir='ltr'><strong>Caput</strong></span> 
     </span>
     <span class='ocr_line' id='line_1_8' title="bbox 220 1321 1298 1410; baseline -0.006 -19"><span class='ocrx_word' id='word_1_48' title='bbox 220 1334 291 1396; x_wconf 78' lang='grc' dir='ltr'><strong>ΤΒ.</strong></span> <span class='ocrx_word' id='word_1_49' title='bbox 314 1332 352 1396; x_wconf 95' lang='lat' dir='ltr'><strong>P.</strong></span> <span class='ocrx_word' id='word_1_50' title='bbox 370 1332 457 1393; x_wconf 83' lang='lat' dir='ltr'><strong>IMP.</strong></span> <span class='ocrx_word' id='word_1_51' title='bbox 489 1331 543 1410; x_wconf 79' lang='lat' dir='ltr'><strong>(in</strong></span> <span class='ocrx_word' id='word_1_52' title='bbox 568 1328 650 1388; x_wconf 80' lang='lat' dir='ltr'><strong>eliis</strong></span> <span class='ocrx_word' id='word_1_53' title='bbox 676 1328 813 1385; x_wconf 78' lang='lat' dir='ltr'><em>additur</em></span> <span class='ocrx_word' id='word_1_54' title='bbox 848 1321 887 1387; x_wconf 88' lang='lat' dir='ltr'><strong>P.</strong></span> <span class='ocrx_word' id='word_1_55' title='bbox 907 1324 967 1405; x_wconf 78' lang='lat' dir='ltr'><strong>P.)</strong></span> <span class='ocrx_word' id='word_1_56' title='bbox 1164 1324 1298 1385; x_wconf 76' lang='lat' dir='ltr'><strong>nudum</strong></span> 
     </span>
     <span class='ocr_line' id='line_1_9' title="bbox 220 1420 1749 1507; baseline -0.008 -12"><span class='ocrx_word' id='word_1_57' title='bbox 220 1435 253 1498; x_wconf 82' lang='lat' dir='ltr'><strong>S.</strong></span> <span class='ocrx_word' id='word_1_58' title='bbox 275 1434 312 1497; x_wconf 89' lang='lat' dir='ltr'><strong>C.</strong></span> <span class='ocrx_word' id='word_1_59' title='bbox 339 1432 466 1492; x_wconf 81' lang='lat' dir='ltr'><strong>lllulier</strong></span> <span class='ocrx_word' id='word_1_60' title='bbox 490 1431 601 1493; x_wconf 84' lang='lat' dir='ltr'><strong>velate</strong></span> <span class='ocrx_word' id='word_1_61' title='bbox 618 1440 714 1490; x_wconf 81' lang='lat' dir='ltr'><strong>stans</strong></span> <span class='ocrx_word' id='word_1_62' title='bbox 737 1426 768 1486; x_wconf 82' lang='lat' dir='ltr'><strong>d.</strong></span> <span class='ocrx_word' id='word_1_63' title='bbox 777 1426 966 1507; x_wconf 79' lang='lat' dir='ltr'><strong>simpulum.</strong></span> <span class='ocrx_word' id='word_1_64' title='bbox 1025 1424 1081 1486; x_wconf 83' lang='lat' dir='ltr'><strong>¹r1.</strong></span> <span class='ocrx_word' id='word_1_65' title='bbox 1102 1422 1229 1491; x_wconf 72' lang='lat' dir='ltr'><strong>CLAV.</strong></span> <span class='ocrx_word' id='word_1_66' title='bbox 1248 1421 1314 1484; x_wconf 71' lang='lat' dir='ltr'><strong>Ch.</strong></span> <span class='ocrx_word' id='word_1_67' title='bbox 1328 1420 1430 1490; x_wconf 75' lang='lat' dir='ltr'><strong>Ave.</strong></span> <span class='ocrx_word' id='word_1_68' title='bbox 1446 1424 1485 1489; x_wconf 77' lang='lat' dir='ltr'><strong>P..</strong></span> <span class='ocrx_word' id='word_1_69' title='bbox 1503 1425 1550 1488; x_wconf 77' lang='grc' dir='ltr'><strong>Μ.</strong></span> <span class='ocrx_word' id='word_1_70' title='bbox 1572 1424 1642 1483; x_wconf 76' lang='lat' dir='ltr'><strong>Tu.</strong></span> <span class='ocrx_word' id='word_1_71' title='bbox 1657 1422 1749 1499; x_wconf 72' lang='lat' dir='ltr'><strong>1³..ts</strong></span> 
     </span>
     <span class='ocr_line' id='line_1_10' title="bbox 221 1524 1653 1598; baseline 0.003 -14"><span class='ocrx_word' id='word_1_72' title='bbox 221 1536 292 1598; x_wconf 69' lang='grc' dir='ltr'><strong>ΛΕ,</strong></span> <span class='ocrx_word' id='word_1_73' title='bbox 308 1535 347 1595; x_wconf 83' lang='lat'><strong>11.</strong></span> <span class='ocrx_word' id='word_1_74' title='bbox 1023 1526 1132 1586; x_wconf 82' lang='lat' dir='ltr'><strong>medie</strong></span> <span class='ocrx_word' id='word_1_75' title='bbox 1146 1524 1179 1588; x_wconf 86' lang='lat' dir='ltr'><strong>S.</strong></span> <span class='ocrx_word' id='word_1_76' title='bbox 1198 1525 1235 1589; x_wconf 87' lang='lat' dir='ltr'><strong>C.</strong></span> <span class='ocrx_word' id='word_1_77' title='bbox 1252 1528 1366 1589; x_wconf 81' lang='lat' dir='ltr'><strong>omnin</strong></span> <span class='ocrx_word' id='word_1_78' title='bbox 1380 1527 1472 1586; x_wconf 84' lang='lat' dir='ltr'><strong>intre</strong></span> <span class='ocrx_word' id='word_1_79' title='bbox 1487 1526 1653 1589; x_wconf 81' lang='lat' dir='ltr'><strong>laureum.</strong></span> 
     </span>
     <span class='ocr_line' id='line_1_11' title="bbox 284 1624 1751 1710; baseline -0.005 -14"><span class='ocrx_word' id='word_1_80' title='bbox 284 1631 384 1697; x_wconf 84' lang='lat' dir='ltr'><strong>Obvii</strong></span> <span class='ocrx_word' id='word_1_81' title='bbox 405 1642 480 1693; x_wconf 88' lang='lat' dir='ltr'><strong>sunt</strong></span> <span class='ocrx_word' id='word_1_82' title='bbox 501 1628 535 1690; x_wconf 90' lang='lat' dir='ltr'><strong>bi</strong></span> <span class='ocrx_word' id='word_1_83' title='bbox 558 1630 657 1691; x_wconf 88' lang='lat' dir='ltr'><strong>numi.</strong></span> <span class='ocrx_word' id='word_1_84' title='bbox 701 1626 964 1708; x_wconf 81' lang='lat' dir='ltr'><strong>Hu&#39;vercampus,</strong></span> <span class='ocrx_word' id='word_1_85' title='bbox 1086 1625 1278 1692; x_wconf 84' lang='lat' dir='ltr'><strong>Vsillantins</strong></span> <span class='ocrx_word' id='word_1_86' title='bbox 1302 1626 1337 1688; x_wconf 92' lang='lat' dir='ltr'><strong>in</strong></span> <span class='ocrx_word' id='word_1_87' title='bbox 1363 1626 1467 1710; x_wconf 88' lang='lat' dir='ltr'><strong>prima</strong></span> <span class='ocrx_word' id='word_1_88' title='bbox 1491 1624 1639 1688; x_wconf 77' lang='lat' dir='ltr'>editione</span> <span class='ocrx_word' id='word_1_89' title='bbox 1657 1642 1751 1689; x_wconf 69' lang='lat' dir='ltr'><strong>nune</strong></span> 
     </span>
     <span class='ocr_line' id='line_1_12' title="bbox 220 1727 1751 1817; baseline -0.005 -20"><span class='ocrx_word' id='word_1_90' title='bbox 220 1735 341 1817; x_wconf 90' lang='lat' dir='ltr'><strong>aliique</strong></span> <span class='ocrx_word' id='word_1_91' title='bbox 378 1747 456 1816; x_wconf 86' lang='lat' dir='ltr'><strong>typo</strong></span> <span class='ocrx_word' id='word_1_92' title='bbox 494 1750 626 1795; x_wconf 85' lang='lat' dir='ltr'><strong>aversae</strong></span> <span class='ocrx_word' id='word_1_93' title='bbox 668 1727 839 1792; x_wconf 73' lang='lat' dir='ltr'><strong>Claudium</strong></span> <span class='ocrx_word' id='word_1_94' title='bbox 880 1729 964 1809; x_wconf 77' lang='lat' dir='ltr'><strong>Aug.</strong></span> <span class='ocrx_word' id='word_1_95' title='bbox 1024 1746 1098 1789; x_wconf 86' lang='lat' dir='ltr'><strong>rom</strong></span> <span class='ocrx_word' id='word_1_96' title='bbox 1121 1728 1392 1809; x_wconf 67' lang='lat' dir='ltr'><strong>praestantiorum</strong></span> <span class='ocrx_word' id='word_1_97' title='bbox 1414 1740 1624 1811; x_wconf 71' lang='lat' dir='ltr'><strong>praesentem</strong></span> <span class='ocrx_word' id='word_1_98' title='bbox 1637 1746 1751 1789; x_wconf 86' lang='lat' dir='ltr'><strong>nnmun</strong></span> 
     </span>
     <span class='ocr_line' id='line_1_13' title="bbox 220 1826 1753 1920; baseline -0.004 -23"><span class='ocrx_word' id='word_1_99' title='bbox 220 1835 383 1920; x_wconf 73' lang='lat' dir='ltr'><strong>pontilicis</strong></span> <span class='ocrx_word' id='word_1_100' title='bbox 426 1833 537 1895; x_wconf 84' lang='lat' dir='ltr'><strong>habitu</strong></span> <span class='ocrx_word' id='word_1_101' title='bbox 578 1831 728 1894; x_wconf 87' lang='lat' dir='ltr'><strong>exhiberi</strong></span> <span class='ocrx_word' id='word_1_102' title='bbox 764 1843 885 1913; x_wconf 87' lang='lat' dir='ltr'><strong>putant.</strong></span> <span class='ocrx_word' id='word_1_103' title='bbox 931 1831 967 1888; x_wconf 91' lang='lat' dir='ltr'><strong>ln</strong></span> <span class='ocrx_word' id='word_1_104' title='bbox 1025 1828 1113 1890; x_wconf 89' lang='lat' dir='ltr'><strong>inter</strong></span> <span class='ocrx_word' id='word_1_105' title='bbox 1146 1848 1267 1892; x_wconf 87' lang='lat' dir='ltr'><strong>aeneos</strong></span> <span class='ocrx_word' id='word_1_106' title='bbox 1291 1829 1452 1893; x_wconf 80' lang='lat' dir='ltr'><strong>Antoniae</strong></span> <span class='ocrx_word' id='word_1_107' title='bbox 1476 1829 1656 1895; x_wconf 83' lang='lat' dir='ltr'><strong>recensuit.</strong></span> <span class='ocrx_word' id='word_1_108' title='bbox 1693 1826 1753 1891; x_wconf 83' lang='lat' dir='ltr'><strong>Ild-</strong></span> 
     </span>
     <span class='ocr_line' id='line_1_14' title="bbox 220 1930 1754 2018; baseline -0.003 -20"><span class='ocrx_word' id='word_1_109' title='bbox 220 1938 326 1999; x_wconf 84' lang='lat' dir='ltr'><strong>rtumis</strong></span> <span class='ocrx_word' id='word_1_110' title='bbox 341 1935 562 2018; x_wconf 80' lang='lat' dir='ltr'><strong>integerrimis</strong></span> <span class='ocrx_word' id='word_1_111' title='bbox 585 1933 690 1995; x_wconf 90' lang='lat' dir='ltr'><strong>musei</strong></span> <span class='ocrx_word' id='word_1_112' title='bbox 707 1932 858 1994; x_wconf 86' lang='lat' dir='ltr'><strong>Caesarei</strong></span> <span class='ocrx_word' id='word_1_113' title='bbox 880 1930 969 1990; x_wconf 87' lang='lat' dir='ltr'><strong>insti·</strong></span> <span class='ocrx_word' id='word_1_114' title='bbox 1010 1930 1121 1992; x_wconf 81' lang='lat' dir='ltr'><strong>&#39;dinus</strong></span> <span class='ocrx_word' id='word_1_115' title='bbox 1139 1930 1173 1991; x_wconf 91' lang='lat' dir='ltr'><strong>in</strong></span> <span class='ocrx_word' id='word_1_116' title='bbox 1199 1931 1344 1993; x_wconf 79' lang='lat' dir='ltr'><strong>editione</strong></span> <span class='ocrx_word' id='word_1_117' title='bbox 1360 1933 1508 1995; x_wconf 82' lang='lat' dir='ltr'><strong>Romana</strong></span> <span class='ocrx_word' id='word_1_118' title='bbox 1526 1930 1676 2015; x_wconf 82' lang='lat' dir='ltr'><strong>ejusdem</strong></span> <span class='ocrx_word' id='word_1_119' title='bbox 1690 1948 1754 2015; x_wconf 77' lang='lat' dir='ltr'><strong>opo·</strong></span> 
     </span>
     <span class='ocr_line' id='line_1_15' title="bbox 219 2030 1755 2119; baseline -0.003 -20"><span class='ocrx_word' id='word_1_120' title='bbox 219 2052 290 2099; x_wconf 91' lang='lat' dir='ltr'><strong>tuto</strong></span> <span class='ocrx_word' id='word_1_121' title='bbox 318 2057 405 2101; x_wconf 82' lang='lat' dir='ltr'><strong>noro</strong></span> <span class='ocrx_word' id='word_1_122' title='bbox 433 2038 581 2099; x_wconf 76' lang='lat' dir='ltr'><strong>examine</strong></span> <span class='ocrx_word' id='word_1_123' title='bbox 613 2035 756 2119; x_wconf 85' lang='lat' dir='ltr'><strong>sigillum</strong></span> <span class='ocrx_word' id='word_1_124' title='bbox 788 2032 871 2094; x_wconf 90' lang='lat' dir='ltr'><strong>illud</strong></span> <span class='ocrx_word' id='word_1_125' title='bbox 894 2051 966 2097; x_wconf 86' lang='lat' dir='ltr'><strong>eer-</strong></span> <span class='ocrx_word' id='word_1_126' title='bbox 1025 2033 1070 2094; x_wconf 84' lang='lat' dir='ltr'><strong>ris</strong></span> <span class='ocrx_word' id='word_1_127' title='bbox 1094 2035 1190 2096; x_wconf 76' lang='lat' dir='ltr'><strong>Tem.</strong></span> <span class='ocrx_word' id='word_1_128' title='bbox 1206 2035 1232 2098; x_wconf 85' lang='lat'><strong>1.</strong></span> <span class='ocrx_word' id='word_1_129' title='bbox 1258 2053 1290 2115; x_wconf 85' lang='lat' dir='ltr'><strong>p.</strong></span> <span class='ocrx_word' id='word_1_130' title='bbox 1313 2040 1352 2106; x_wconf 74' lang='lat'><strong>14</strong></span> <span class='ocrx_word' id='word_1_131' title='bbox 1373 2033 1586 2099; x_wconf 84' lang='lat' dir='ltr'><strong>Vnilluntinm</strong></span> <span class='ocrx_word' id='word_1_132' title='bbox 1616 2030 1755 2115; x_wconf 68' lang='lat' dir='ltr'><strong>surripit,</strong></span> 
     </span>
     <span class='ocr_line' id='line_1_16' title="bbox 220 2132 1756 2219; baseline -0.001 -20"><span class='ocrx_word' id='word_1_133' title='bbox 220 2150 285 2200; x_wconf 88' lang='lat' dir='ltr'><strong>tam</strong></span> <span class='ocrx_word' id='word_1_134' title='bbox 326 2137 423 2200; x_wconf 81' lang='lat' dir='ltr'><strong>video</strong></span> <span class='ocrx_word' id='word_1_135' title='bbox 461 2137 619 2200; x_wconf 84' lang='lat' dir='ltr'><strong>exhihere</strong></span> <span class='ocrx_word' id='word_1_136' title='bbox 650 2137 842 2211; x_wconf 85' lang='lat' dir='ltr'><strong>mulierem,</strong></span> <span class='ocrx_word' id='word_1_137' title='bbox 876 2137 966 2198; x_wconf 91' lang='lat' dir='ltr'><strong>nullo</strong></span> <span class='ocrx_word' id='word_1_138' title='bbox 1027 2132 1222 2210; x_wconf 85' lang='lat' dir='ltr'><strong>adserendo,</strong></span> <span class='ocrx_word' id='word_1_139' title='bbox 1236 2156 1369 2197; x_wconf 87' lang='lat' dir='ltr'><strong>numum</strong></span> <span class='ocrx_word' id='word_1_140' title='bbox 1380 2135 1466 2199; x_wconf 88' lang='lat' dir='ltr'><strong>bunc</strong></span> <span class='ocrx_word' id='word_1_141' title='bbox 1481 2157 1558 2199; x_wconf 84' lang='lat' dir='ltr'><strong>esse</strong></span> <span class='ocrx_word' id='word_1_142' title='bbox 1571 2148 1756 2219; x_wconf 79' lang='lat' dir='ltr'><strong>argentoun,</strong></span> 
     </span>
     <span class='ocr_line' id='line_1_17' title="bbox 221 2236 1759 2320; baseline 0 -19"><span class='ocrx_word' id='word_1_143' title='bbox 221 2252 329 2301; x_wconf 84' lang='lat' dir='ltr'><strong>nutem</strong></span> <span class='ocrx_word' id='word_1_144' title='bbox 348 2251 443 2319; x_wconf 86' lang='lat' dir='ltr'><strong>paeto</strong></span> <span class='ocrx_word' id='word_1_145' title='bbox 459 2237 648 2314; x_wconf 86' lang='lat' dir='ltr'><strong>Claudium,</strong></span> <span class='ocrx_word' id='word_1_146' title='bbox 677 2237 768 2320; x_wconf 87' lang='lat' dir='ltr'><strong>cujus</strong></span> <span class='ocrx_word' id='word_1_147' title='bbox 792 2238 968 2299; x_wconf 82' lang='lat' dir='ltr'><strong>lineemen·</strong></span> <span class='ocrx_word' id='word_1_148' title='bbox 1027 2249 1061 2298; x_wconf 89' lang='lat' dir='ltr'><strong>et</strong></span> <span class='ocrx_word' id='word_1_149' title='bbox 1085 2237 1208 2299; x_wconf 81' lang='lat' dir='ltr'><strong>serrari</strong></span> <span class='ocrx_word' id='word_1_150' title='bbox 1232 2236 1265 2298; x_wconf 88' lang='lat' dir='ltr'><strong>in</strong></span> <span class='ocrx_word' id='word_1_151' title='bbox 1289 2258 1369 2320; x_wconf 82' lang='lat' dir='ltr'><strong>gaza</strong></span> <span class='ocrx_word' id='word_1_152' title='bbox 1383 2237 1525 2300; x_wconf 84' lang='lat' dir='ltr'><strong>Medica.</strong></span> <span class='ocrx_word' id='word_1_153' title='bbox 1565 2236 1759 2301; x_wconf 73' lang='lat' dir='ltr'><strong>Istudsito·</strong></span> 
     </span>
     <span class='ocr_line' id='line_1_18' title="bbox 221 2336 1760 2421; baseline -0.002 -19"><span class='ocrx_word' id='word_1_154' title='bbox 221 2354 253 2402; x_wconf 89' lang='lat' dir='ltr'><strong>ta</strong></span> <span class='ocrx_word' id='word_1_155' title='bbox 280 2338 376 2401; x_wconf 89' lang='lat' dir='ltr'><strong>etiam</strong></span> <span class='ocrx_word' id='word_1_156' title='bbox 401 2339 435 2399; x_wconf 88' lang='lat' dir='ltr'><strong>in</strong></span> <span class='ocrx_word' id='word_1_157' title='bbox 463 2338 581 2419; x_wconf 83' lang='lat' dir='ltr'><strong>exigua</strong></span> <span class='ocrx_word' id='word_1_158' title='bbox 604 2340 731 2421; x_wconf 86' lang='lat' dir='ltr'><strong>pictura</strong></span> <span class='ocrx_word' id='word_1_159' title='bbox 757 2360 822 2400; x_wconf 90' lang='lat' dir='ltr'><strong>non</strong></span> <span class='ocrx_word' id='word_1_160' title='bbox 840 2339 967 2404; x_wconf 81' lang='lat' dir='ltr'><strong>fallunt.</strong></span> <span class='ocrx_word' id='word_1_161' title='bbox 1026 2358 1119 2413; x_wconf 86' lang='lat' dir='ltr'><strong>rum,</strong></span> <span class='ocrx_word' id='word_1_162' title='bbox 1153 2359 1192 2399; x_wconf 91' lang='lat' dir='ltr'><strong>an</strong></span> <span class='ocrx_word' id='word_1_163' title='bbox 1224 2338 1502 2420; x_wconf 76' lang='lat' dir='ltr'><strong>praetereundum</strong></span> <span class='ocrx_word' id='word_1_164' title='bbox 1531 2338 1604 2401; x_wconf 88' lang='lat' dir='ltr'><strong>sine</strong></span> <span class='ocrx_word' id='word_1_165' title='bbox 1634 2336 1760 2402; x_wconf 78' lang='lat' dir='ltr'><strong>animad-</strong></span> 
     </span>
     <span class='ocr_line' id='line_1_19' title="bbox 222 2434 1759 2523; baseline 0 -20"><span class='ocrx_word' id='word_1_166' title='bbox 222 2434 424 2523; x_wconf 85' lang='lat' dir='ltr'><strong>Propouitur</strong></span> <span class='ocrx_word' id='word_1_167' title='bbox 441 2460 522 2521; x_wconf 84' lang='lat' dir='ltr'><strong>ergo</strong></span> <span class='ocrx_word' id='word_1_168' title='bbox 539 2440 608 2520; x_wconf 85' lang='lat' dir='ltr'><strong>ipsa</strong></span> <span class='ocrx_word' id='word_1_169' title='bbox 627 2439 767 2500; x_wconf 84' lang='lat' dir='ltr'><strong>Antonin</strong></span> <span class='ocrx_word' id='word_1_170' title='bbox 784 2440 845 2501; x_wconf 87' lang='lat' dir='ltr'><strong>snb</strong></span> <span class='ocrx_word' id='word_1_171' title='bbox 856 2443 970 2508; x_wconf 87' lang='lat' dir='ltr'><strong>Vesta·</strong></span> <span class='ocrx_word' id='word_1_172' title='bbox 1028 2439 1180 2501; x_wconf 75' lang='lat' dir='ltr'><strong>versione</strong></span> <span class='ocrx_word' id='word_1_173' title='bbox 1202 2439 1327 2517; x_wconf 80' lang='lat' dir='ltr'><strong>fueret,</strong></span> <span class='ocrx_word' id='word_1_174' title='bbox 1359 2440 1553 2523; x_wconf 76' lang='lat' dir='ltr'><strong>impressam</strong></span> <span class='ocrx_word' id='word_1_175' title='bbox 1583 2440 1635 2502; x_wconf 89' lang='lat' dir='ltr'><strong>illi</strong></span> <span class='ocrx_word' id='word_1_176' title='bbox 1662 2454 1759 2503; x_wconf 83' lang='lat' dir='ltr'><strong>uotsu</strong></span> 
     </span>
     <span class='ocr_line' id='line_1_20' title="bbox 221 2538 1761 2626; baseline -0.002 -22"><span class='ocrx_word' id='word_1_177' title='bbox 221 2545 262 2607; x_wconf 90' lang='lat' dir='ltr'><strong>lis</strong></span> <span class='ocrx_word' id='word_1_178' title='bbox 291 2541 417 2615; x_wconf 84' lang='lat' dir='ltr'><strong>babitu,</strong></span> <span class='ocrx_word' id='word_1_179' title='bbox 460 2540 614 2602; x_wconf 88' lang='lat' dir='ltr'><strong>nimirum</strong></span> <span class='ocrx_word' id='word_1_180' title='bbox 648 2541 838 2623; x_wconf 79' lang='lat' dir='ltr'><strong>sCaligula</strong></span> <span class='ocrx_word' id='word_1_181' title='bbox 869 2540 971 2602; x_wconf 90' lang='lat' dir='ltr'><strong>omni·</strong></span> <span class='ocrx_word' id='word_1_182' title='bbox 1029 2539 1220 2603; x_wconf 85' lang='lat' dir='ltr'><strong>S.C.nnllo</strong></span> <span class='ocrx_word' id='word_1_183' title='bbox 1242 2541 1479 2605; x_wconf 89' lang='lat' dir='ltr'><strong>aliobactenus</strong></span> <span class='ocrx_word' id='word_1_184' title='bbox 1501 2542 1683 2626; x_wconf 79' lang='lat' dir='ltr'><strong>exemplo?</strong></span> <span class='ocrx_word' id='word_1_185' title='bbox 1703 2538 1761 2605; x_wconf 89' lang='lat' dir='ltr'><strong>0di</strong></span> 
     </span>
     <span class='ocr_line' id='line_1_21' title="bbox 221 2640 1763 2728; baseline 0 -23"><span class='ocrx_word' id='word_1_186' title='bbox 221 2646 282 2707; x_wconf 90' lang='lat' dir='ltr'><strong>bus</strong></span> <span class='ocrx_word' id='word_1_187' title='bbox 300 2641 482 2711; x_wconf 80' lang='lat' dir='ltr'><strong>Vestalium</strong></span> <span class='ocrx_word' id='word_1_188' title='bbox 509 2640 689 2704; x_wconf 88' lang='lat' dir='ltr'><strong>bonoribus</strong></span> <span class='ocrx_word' id='word_1_189' title='bbox 715 2656 845 2719; x_wconf 88' lang='lat' dir='ltr'><strong>ornata,</strong></span> <span class='ocrx_word' id='word_1_190' title='bbox 873 2642 970 2704; x_wconf 62' lang='lat' dir='ltr'><strong>vatad</strong></span> <span class='ocrx_word' id='word_1_191' title='bbox 1028 2643 1198 2705; x_wconf 78' lang='lat' dir='ltr'><strong>molestam</strong></span> <span class='ocrx_word' id='word_1_192' title='bbox 1229 2640 1405 2707; x_wconf 74' lang='lat' dir='ltr'><strong>multorum</strong></span> <span class='ocrx_word' id='word_1_193' title='bbox 1433 2642 1682 2728; x_wconf 83' lang='lat' dir='ltr'><strong>loquacitatem,</strong></span> <span class='ocrx_word' id='word_1_194' title='bbox 1715 2662 1763 2705; x_wconf 79' lang='lat' dir='ltr'><strong>re·</strong></span> 
     </span>
     <span class='ocr_line' id='line_1_22' title="bbox 222 2743 1763 2826; baseline 0.001 -21"><span class='ocrx_word' id='word_1_195' title='bbox 222 2766 354 2805; x_wconf 86' lang='lat' dir='ltr'><strong>numum</strong></span> <span class='ocrx_word' id='word_1_196' title='bbox 392 2747 534 2826; x_wconf 87' lang='lat' dir='ltr'><strong>primum</strong></span> <span class='ocrx_word' id='word_1_197' title='bbox 573 2764 614 2805; x_wconf 85' lang='lat' dir='ltr'><strong>ex</strong></span> <span class='ocrx_word' id='word_1_198' title='bbox 650 2745 757 2806; x_wconf 88' lang='lat' dir='ltr'><strong>Dione</strong></span> <span class='ocrx_word' id='word_1_199' title='bbox 790 2743 970 2808; x_wconf 85' lang='lat' dir='ltr'><strong>docuimus.</strong></span> <span class='ocrx_word' id='word_1_200' title='bbox 1028 2765 1100 2805; x_wconf 90' lang='lat' dir='ltr'><strong>rum</strong></span> <span class='ocrx_word' id='word_1_201' title='bbox 1131 2743 1171 2805; x_wconf 89' lang='lat' dir='ltr'><strong>nd</strong></span> <span class='ocrx_word' id='word_1_202' title='bbox 1201 2764 1273 2805; x_wconf 87' lang='lat' dir='ltr'><strong>rem</strong></span> <span class='ocrx_word' id='word_1_203' title='bbox 1304 2763 1436 2821; x_wconf 82' lang='lat' dir='ltr'><strong>novam,</strong></span> <span class='ocrx_word' id='word_1_204' title='bbox 1476 2760 1510 2808; x_wconf 88' lang='lat' dir='ltr'><strong>et</strong></span> <span class='ocrx_word' id='word_1_205' title='bbox 1534 2746 1763 2809; x_wconf 78' lang='lat' dir='ltr'><strong>omiuoinso·</strong></span> 
     </span>
     <span class='ocr_line' id='line_1_23' title="bbox 221 2845 1766 2932; baseline 0 -26"><span class='ocrx_word' id='word_1_206' title='bbox 221 2847 340 2906; x_wconf 84' lang='lat' dir='ltr'><strong>Mirum</strong></span> <span class='ocrx_word' id='word_1_207' title='bbox 363 2845 609 2906; x_wconf 85' lang='lat' dir='ltr'><strong>seilicetvisum</strong></span> <span class='ocrx_word' id='word_1_208' title='bbox 630 2845 784 2923; x_wconf 86' lang='lat' dir='ltr'><strong>eruditis,</strong></span> <span class='ocrx_word' id='word_1_209' title='bbox 808 2867 884 2909; x_wconf 91' lang='lat' dir='ltr'><strong>eum</strong></span> <span class='ocrx_word' id='word_1_210' title='bbox 904 2846 971 2928; x_wconf 89' lang='lat' dir='ltr'><strong>epi·</strong></span> <span class='ocrx_word' id='word_1_211' title='bbox 1028 2846 1150 2907; x_wconf 87' lang='lat' dir='ltr'><strong>lentem</strong></span> <span class='ocrx_word' id='word_1_212' title='bbox 1173 2866 1238 2907; x_wconf 90' lang='lat' dir='ltr'><strong>non</strong></span> <span class='ocrx_word' id='word_1_213' title='bbox 1261 2845 1456 2922; x_wconf 74' lang='lat' dir='ltr'><strong>subsistere,</strong></span> <span class='ocrx_word' id='word_1_214' title='bbox 1487 2846 1703 2932; x_wconf 82' lang='lat' dir='ltr'><strong>antiquarium</strong></span> <span class='ocrx_word' id='word_1_215' title='bbox 1722 2867 1766 2909; x_wconf 80' lang='lat' dir='ltr'><strong>nr·</strong></span> 
     </span>
     <span class='ocr_line' id='line_1_24' title="bbox 223 2945 1766 3035; baseline -0.001 -25"><span class='ocrx_word' id='word_1_216' title='bbox 223 2948 348 3030; x_wconf 84' lang='lat' dir='ltr'><strong>graphe</strong></span> <span class='ocrx_word' id='word_1_217' title='bbox 374 2947 414 3009; x_wconf 87' lang='lat' dir='ltr'><strong>sit</strong></span> <span class='ocrx_word' id='word_1_218' title='bbox 431 2947 575 3020; x_wconf 85' lang='lat' dir='ltr'><strong>Claudii,</strong></span> <span class='ocrx_word' id='word_1_219' title='bbox 604 2969 669 3008; x_wconf 87' lang='lat' dir='ltr'><strong>non</strong></span> <span class='ocrx_word' id='word_1_220' title='bbox 687 2947 784 3009; x_wconf 88' lang='lat' dir='ltr'><strong>etiam</strong></span> <span class='ocrx_word' id='word_1_221' title='bbox 802 2961 913 3031; x_wconf 86' lang='lat' dir='ltr'><strong>typum</strong></span> <span class='ocrx_word' id='word_1_222' title='bbox 929 2946 970 3009; x_wconf 89' lang='lat' dir='ltr'><strong>ad</strong></span> <span class='ocrx_word' id='word_1_223' title='bbox 1029 2945 1118 3028; x_wconf 73' lang='lat' dir='ltr'><strong>gub,</strong></span> <span class='ocrx_word' id='word_1_224' title='bbox 1140 2966 1284 3031; x_wconf 73' lang='lat' dir='ltr'><strong>eaquae</strong></span> <span class='ocrx_word' id='word_1_225' title='bbox 1307 2948 1347 3011; x_wconf 92' lang='lat' dir='ltr'><strong>ad</strong></span> <span class='ocrx_word' id='word_1_226' title='bbox 1369 2969 1405 3011; x_wconf 89' lang='lat' dir='ltr'><strong>se</strong></span> <span class='ocrx_word' id='word_1_227' title='bbox 1428 2949 1570 3012; x_wconf 84' lang='lat' dir='ltr'><strong>maxime</strong></span> <span class='ocrx_word' id='word_1_228' title='bbox 1592 2950 1766 3035; x_wconf 83' lang='lat' dir='ltr'><strong>pertinent,</strong></span> 
     </span>
     <span class='ocr_line' id='line_1_25' title="bbox 223 3043 1768 3135; baseline 0.001 -23"><span class='ocrx_word' id='word_1_229' title='bbox 223 3072 297 3113; x_wconf 87' lang='lat' dir='ltr'><strong>oum</strong></span> <span class='ocrx_word' id='word_1_230' title='bbox 314 3049 494 3131; x_wconf 84' lang='lat' dir='ltr'><strong>pertinere.</strong></span> <span class='ocrx_word' id='word_1_231' title='bbox 544 3048 612 3109; x_wconf 87' lang='lat' dir='ltr'><strong>Sed</strong></span> <span class='ocrx_word' id='word_1_232' title='bbox 629 3047 768 3109; x_wconf 89' lang='lat' dir='ltr'><strong>eundem</strong></span> <span class='ocrx_word' id='word_1_233' title='bbox 788 3047 971 3111; x_wconf 84' lang='lat' dir='ltr'><strong>dissensum</strong></span> <span class='ocrx_word' id='word_1_234' title='bbox 1028 3068 1142 3128; x_wconf 87' lang='lat' dir='ltr'><strong>parum</strong></span> <span class='ocrx_word' id='word_1_235' title='bbox 1162 3043 1339 3114; x_wconf 82' lang='lat' dir='ltr'><strong>curantem.</strong></span> <span class='ocrx_word' id='word_1_236' title='bbox 1373 3053 1467 3115; x_wconf 84' lang='lat' dir='ltr'><strong>Haeo</strong></span> <span class='ocrx_word' id='word_1_237' title='bbox 1486 3052 1560 3133; x_wconf 84' lang='lat' dir='ltr'><strong>ejus</strong></span> <span class='ocrx_word' id='word_1_238' title='bbox 1574 3064 1672 3116; x_wconf 72' lang='lat' dir='ltr'><strong>nome</strong></span> <span class='ocrx_word' id='word_1_239' title='bbox 1689 3050 1768 3135; x_wconf 80' lang='lat' dir='ltr'><strong>peri·</strong></span> 
     </span>
     <span class='ocr_line' id='line_1_26' title="bbox 222 3146 1769 3231; baseline 0.002 -19"><span class='ocrx_word' id='word_1_240' title='bbox 222 3151 287 3231; x_wconf 86' lang='lat' dir='ltr'><strong>jam</strong></span> <span class='ocrx_word' id='word_1_241' title='bbox 303 3149 399 3211; x_wconf 89' lang='lat' dir='ltr'><strong>etiam</strong></span> <span class='ocrx_word' id='word_1_242' title='bbox 420 3150 451 3207; x_wconf 92' lang='lat' dir='ltr'><strong>in</strong></span> <span class='ocrx_word' id='word_1_243' title='bbox 469 3169 568 3208; x_wconf 89' lang='lat' dir='ltr'><strong>numo</strong></span> <span class='ocrx_word' id='word_1_244' title='bbox 582 3146 800 3229; x_wconf 86' lang='lat' dir='ltr'><strong>praecedente</strong></span> <span class='ocrx_word' id='word_1_245' title='bbox 819 3149 971 3216; x_wconf 81' lang='lat' dir='ltr'><strong>observa·</strong></span> <span class='ocrx_word' id='word_1_246' title='bbox 1028 3149 1121 3210; x_wconf 89' lang='lat' dir='ltr'><strong>stasis</strong></span> <span class='ocrx_word' id='word_1_247' title='bbox 1146 3147 1246 3211; x_wconf 84' lang='lat' dir='ltr'><strong>iidem</strong></span> <span class='ocrx_word' id='word_1_248' title='bbox 1270 3151 1364 3227; x_wconf 78' lang='lat' dir='ltr'><strong>facit,</strong></span> <span class='ocrx_word' id='word_1_249' title='bbox 1393 3165 1449 3215; x_wconf 89' lang='lat' dir='ltr'><strong>aut</strong></span> <span class='ocrx_word' id='word_1_250' title='bbox 1466 3172 1606 3215; x_wconf 83' lang='lat' dir='ltr'><strong>numum</strong></span> <span class='ocrx_word' id='word_1_251' title='bbox 1627 3172 1700 3217; x_wconf 85' lang='lat' dir='ltr'><strong>esse</strong></span> <span class='ocrx_word' id='word_1_252' title='bbox 1721 3170 1769 3215; x_wconf 80' lang='lat' dir='ltr'><strong>ne·</strong></span> 
     </span>
     <span class='ocr_line' id='line_1_27' title="bbox 223 3250 1768 3336; baseline 0.001 -22"><span class='ocrx_word' id='word_1_253' title='bbox 223 3252 337 3314; x_wconf 80' lang='lat' dir='ltr'><strong>rimus.</strong></span> <span class='ocrx_word' id='word_1_254' title='bbox 1027 3269 1145 3325; x_wconf 89' lang='lat' dir='ltr'><strong>neum,</strong></span> <span class='ocrx_word' id='word_1_255' title='bbox 1176 3264 1229 3312; x_wconf 86' lang='lat' dir='ltr'><strong>aut</strong></span> <span class='ocrx_word' id='word_1_256' title='bbox 1248 3251 1275 3313; x_wconf 90' lang='lat' dir='ltr'><strong>si</strong></span> <span class='ocrx_word' id='word_1_257' title='bbox 1293 3266 1552 3336; x_wconf 81' lang='lat' dir='ltr'><strong>argenteusest,</strong></span> <span class='ocrx_word' id='word_1_258' title='bbox 1575 3250 1768 3318; x_wconf 77' lang='lat' dir='ltr'><strong>hauddubie</strong></span> 
     </span>
     <span class='ocr_line' id='line_1_28' title="bbox 286 3338 1771 3440; baseline 0.005 -30"><span class='ocrx_word' id='word_1_259' title='bbox 286 3352 357 3411; x_wconf 85' lang='lat' dir='ltr'><strong>llos</strong></span> <span class='ocrx_word' id='word_1_260' title='bbox 384 3369 465 3432; x_wconf 82' lang='lat' dir='ltr'><strong>ergo</strong></span> <span class='ocrx_word' id='word_1_261' title='bbox 494 3338 638 3412; x_wconf 81' lang='lat' dir='ltr'><strong>honoros</strong></span> <span class='ocrx_word' id='word_1_262' title='bbox 663 3350 825 3412; x_wconf 83' lang='lat' dir='ltr'><strong>Antoniae</strong></span> <span class='ocrx_word' id='word_1_263' title='bbox 844 3373 865 3414; x_wconf 88' lang='lat' dir='ltr'><strong>-u</strong></span> <span class='ocrx_word' id='word_1_264' title='bbox 888 3349 970 3412; x_wconf 83' lang='lat' dir='ltr'><strong>Culi·</strong></span> <span class='ocrx_word' id='word_1_265' title='bbox 1029 3352 1193 3434; x_wconf 89' lang='lat' dir='ltr'><strong>spurium,</strong></span> <span class='ocrx_word' id='word_1_266' title='bbox 1215 3373 1280 3438; x_wconf 91' lang='lat' dir='ltr'><strong>qno</strong></span> <span class='ocrx_word' id='word_1_267' title='bbox 1295 3352 1394 3415; x_wconf 91' lang='lat' dir='ltr'><strong>modo</strong></span> <span class='ocrx_word' id='word_1_268' title='bbox 1411 3366 1504 3417; x_wconf 88' lang='lat' dir='ltr'><strong>certe</strong></span> <span class='ocrx_word' id='word_1_269' title='bbox 1521 3358 1653 3440; x_wconf 84' lang='lat' dir='ltr'><strong>spurios</strong></span> <span class='ocrx_word' id='word_1_270' title='bbox 1670 3368 1721 3420; x_wconf 86' lang='lat' dir='ltr'><strong>est</strong></span> <span class='ocrx_word' id='word_1_271' title='bbox 1733 3358 1771 3417; x_wconf 91' lang='lat' dir='ltr'><strong>si·</strong></span> 
     </span>
     <span class='ocr_line' id='line_1_29' title="bbox 224 3450 1770 3538; baseline 0.005 -25"><span class='ocrx_word' id='word_1_272' title='bbox 224 3453 297 3537; x_wconf 81' lang='lat' dir='ltr'><strong>gule</strong></span> <span class='ocrx_word' id='word_1_273' title='bbox 315 3466 347 3516; x_wconf 90' lang='lat' dir='ltr'><strong>et</strong></span> <span class='ocrx_word' id='word_1_274' title='bbox 369 3450 504 3514; x_wconf 84' lang='lat' dir='ltr'><strong>Claudio</strong></span> <span class='ocrx_word' id='word_1_275' title='bbox 532 3451 685 3514; x_wconf 89' lang='lat' dir='ltr'><strong>decretos</strong></span> <span class='ocrx_word' id='word_1_276' title='bbox 711 3452 800 3513; x_wconf 90' lang='lat' dir='ltr'><strong>numi</strong></span> <span class='ocrx_word' id='word_1_277' title='bbox 816 3451 971 3535; x_wconf 89' lang='lat' dir='ltr'><strong>descripti</strong></span> <span class='ocrx_word' id='word_1_278' title='bbox 1029 3452 1114 3516; x_wconf 88' lang='lat' dir='ltr'><strong>milis</strong></span> <span class='ocrx_word' id='word_1_279' title='bbox 1139 3470 1314 3538; x_wconf 82' lang='lat' dir='ltr'><strong>argenteus</strong></span> <span class='ocrx_word' id='word_1_280' title='bbox 1340 3458 1379 3518; x_wconf 88' lang='lat'><strong>11.</strong></span> <span class='ocrx_word' id='word_1_281' title='bbox 1399 3455 1548 3535; x_wconf 78' lang='lat' dir='ltr'><strong>formae,</strong></span> <span class='ocrx_word' id='word_1_282' title='bbox 1573 3472 1610 3522; x_wconf 91' lang='lat' dir='ltr'><strong>et</strong></span> <span class='ocrx_word' id='word_1_283' title='bbox 1625 3457 1770 3523; x_wconf 66' lang='lat' dir='ltr'><strong>mnino</strong></span> 
     </span>
     <span class='ocr_line' id='line_1_30' title="bbox 226 3553 1770 3641; baseline 0.003 -23"><span class='ocrx_word' id='word_1_284' title='bbox 226 3555 427 3618; x_wconf 84' lang='lat' dir='ltr'><strong>confirmant.</strong></span> <span class='ocrx_word' id='word_1_285' title='bbox 480 3553 613 3614; x_wconf 83' lang='lat' dir='ltr'><strong>Addunt</strong></span> <span class='ocrx_word' id='word_1_286' title='bbox 651 3553 789 3635; x_wconf 68' lang='lat' dir='ltr'><strong>Di01),</strong></span> <span class='ocrx_word' id='word_1_287' title='bbox 828 3567 861 3617; x_wconf 88' lang='lat' dir='ltr'><strong>et</strong></span> <span class='ocrx_word' id='word_1_288' title='bbox 892 3554 972 3616; x_wconf 90' lang='lat' dir='ltr'><strong>Sue-</strong></span> <span class='ocrx_word' id='word_1_289' title='bbox 1023 3555 1138 3632; x_wconf 82' lang='lat' dir='ltr'><strong>culus,</strong></span> <span class='ocrx_word' id='word_1_290' title='bbox 1177 3575 1275 3639; x_wconf 87' lang='lat' dir='ltr'><strong>quem</strong></span> <span class='ocrx_word' id='word_1_291' title='bbox 1311 3555 1396 3619; x_wconf 87' lang='lat' dir='ltr'><strong>haud</strong></span> <span class='ocrx_word' id='word_1_292' title='bbox 1425 3558 1469 3619; x_wconf 83' lang='lat' dir='ltr'><strong>its</strong></span> <span class='ocrx_word' id='word_1_293' title='bbox 1500 3557 1633 3641; x_wconf 86' lang='lat' dir='ltr'><strong>pridem</strong></span> <span class='ocrx_word' id='word_1_294' title='bbox 1662 3572 1770 3623; x_wconf 79' lang='lat' dir='ltr'><strong>motus</strong></span> 
     </span>
     <span class='ocr_line' id='line_1_31' title="bbox 224 3655 1771 3740; baseline 0.003 -21"><span class='ocrx_word' id='word_1_295' title='bbox 224 3659 332 3720; x_wconf 89' lang='lat' dir='ltr'><strong>tonius</strong></span> <span class='ocrx_word' id='word_1_296' title='bbox 355 3655 405 3740; x_wconf 64' lang='lat' dir='ltr'><strong>lt),</strong></span> <span class='ocrx_word' id='word_1_297' title='bbox 446 3657 617 3719; x_wconf 82' lang='lat' dir='ltr'><strong>Claudium</strong></span> <span class='ocrx_word' id='word_1_298' title='bbox 647 3655 835 3739; x_wconf 84' lang='lat' dir='ltr'><strong>parentibus</strong></span> <span class='ocrx_word' id='word_1_299' title='bbox 860 3657 970 3717; x_wconf 81' lang='lat' dir='ltr'><strong>Druso</strong></span> <span class='ocrx_word' id='word_1_300' title='bbox 1029 3677 1109 3718; x_wconf 89' lang='lat' dir='ltr'><strong>sum.</strong></span> <span class='ocrx_word' id='word_1_301' title='bbox 1154 3656 1244 3719; x_wconf 83' lang='lat' dir='ltr'><strong>idem</strong></span> <span class='ocrx_word' id='word_1_302' title='bbox 1274 3678 1390 3719; x_wconf 88' lang='lat' dir='ltr'><strong>numus</strong></span> <span class='ocrx_word' id='word_1_303' title='bbox 1418 3679 1558 3737; x_wconf 83' lang='lat' dir='ltr'><strong>aenens,</strong></span> <span class='ocrx_word' id='word_1_304' title='bbox 1589 3660 1650 3725; x_wconf 87' lang='lat' dir='ltr'><strong>sed</strong></span> <span class='ocrx_word' id='word_1_305' title='bbox 1676 3662 1771 3727; x_wconf 77' lang='lat' dir='ltr'><strong>mexi-</strong></span> 
     </span>
     <span class='ocr_line' id='line_1_32' title="bbox 227 3756 1769 3843; baseline 0.003 -23"><span class='ocrx_word' id='word_1_306' title='bbox 227 3772 261 3820; x_wconf 89' lang='lat' dir='ltr'><strong>et</strong></span> <span class='ocrx_word' id='word_1_307' title='bbox 277 3759 437 3821; x_wconf 75' lang='lat' dir='ltr'><strong>Antoniae</strong></span> <span class='ocrx_word' id='word_1_308' title='bbox 460 3758 556 3820; x_wconf 87' lang='lat' dir='ltr'><strong>ludos</strong></span> <span class='ocrx_word' id='word_1_309' title='bbox 589 3772 759 3843; x_wconf 87' lang='lat' dir='ltr'><strong>equestres</strong></span> <span class='ocrx_word' id='word_1_310' title='bbox 791 3756 824 3817; x_wconf 93' lang='lat' dir='ltr'><strong>in</strong></span> <span class='ocrx_word' id='word_1_311' title='bbox 857 3777 971 3819; x_wconf 88' lang='lat' dir='ltr'><strong>eorum</strong></span> <span class='ocrx_word' id='word_1_312' title='bbox 1029 3758 1075 3818; x_wconf 90' lang='lat' dir='ltr'><strong>mi</strong></span> <span class='ocrx_word' id='word_1_313' title='bbox 1112 3756 1254 3837; x_wconf 90' lang='lat' dir='ltr'><strong>moduli,</strong></span> <span class='ocrx_word' id='word_1_314' title='bbox 1292 3773 1396 3823; x_wconf 84' lang='lat' dir='ltr'><strong>exstat</strong></span> <span class='ocrx_word' id='word_1_315' title='bbox 1416 3761 1451 3823; x_wconf 91' lang='lat' dir='ltr'><strong>in</strong></span> <span class='ocrx_word' id='word_1_316' title='bbox 1473 3782 1591 3825; x_wconf 86' lang='lat' dir='ltr'><strong>museo</strong></span> <span class='ocrx_word' id='word_1_317' title='bbox 1613 3764 1769 3829; x_wconf 71' lang='lat' dir='ltr'><strong>casnm</strong></span> 
     </span>
     <span class='ocr_line' id='line_1_33' title="bbox 225 3858 1768 3943; baseline 0.003 -19"><span class='ocrx_word' id='word_1_318' title='bbox 225 3860 385 3924; x_wconf 87' lang='lat' dir='ltr'><strong>natalibus</strong></span> <span class='ocrx_word' id='word_1_319' title='bbox 406 3858 631 3934; x_wconf 86' lang='lat' dir='ltr'><strong>constituisse,</strong></span> <span class='ocrx_word' id='word_1_320' title='bbox 657 3872 691 3920; x_wconf 89' lang='lat' dir='ltr'><strong>et</strong></span> <span class='ocrx_word' id='word_1_321' title='bbox 719 3860 813 3920; x_wconf 88' lang='lat' dir='ltr'><strong>matri</strong></span> <span class='ocrx_word' id='word_1_322' title='bbox 838 3858 972 3943; x_wconf 88' lang='lat' dir='ltr'><strong>insuper</strong></span> <span class='ocrx_word' id='word_1_323' title='bbox 1029 3860 1094 3922; x_wconf 87' lang='lat' dir='ltr'><strong>huc</strong></span> <span class='ocrx_word' id='word_1_324' title='bbox 1131 3858 1238 3922; x_wconf 90' lang='lat' dir='ltr'><strong>illatus</strong></span> <span class='ocrx_word' id='word_1_325' title='bbox 1269 3881 1311 3923; x_wconf 85' lang='lat' dir='ltr'><strong>ex</strong></span> <span class='ocrx_word' id='word_1_326' title='bbox 1340 3862 1631 3927; x_wconf 75' lang='lat' dir='ltr'><strong>carthusianorum</strong></span> <span class='ocrx_word' id='word_1_327' title='bbox 1660 3882 1768 3929; x_wconf 82' lang='lat' dir='ltr'><strong>moseo</strong></span> 
     </span>
     <span class='ocr_line' id='line_1_34' title="bbox 227 3958 1768 4049; baseline 0.003 -22"><span class='ocrx_word' id='word_1_328' title='bbox 227 3976 427 4046; x_wconf 87' lang='lat' dir='ltr'><strong>carpentum,</strong></span> <span class='ocrx_word' id='word_1_329' title='bbox 450 3958 537 4042; x_wconf 88' lang='lat' dir='ltr'><strong>quod</strong></span> <span class='ocrx_word' id='word_1_330' title='bbox 557 3979 617 4040; x_wconf 88' lang='lat' dir='ltr'><strong>per</strong></span> <span class='ocrx_word' id='word_1_331' title='bbox 634 3959 765 4022; x_wconf 85' lang='lat' dir='ltr'><strong>Circum</strong></span> <span class='ocrx_word' id='word_1_332' title='bbox 783 3960 970 4026; x_wconf 88' lang='lat' dir='ltr'><strong>duceretur.</strong></span> <span class='ocrx_word' id='word_1_333' title='bbox 1027 3962 1192 4037; x_wconf 82' lang='lat' dir='ltr'><strong>Romano,</strong></span> <span class='ocrx_word' id='word_1_334' title='bbox 1208 3959 1266 4023; x_wconf 88' lang='lat' dir='ltr'><strong>sed</strong></span> <span class='ocrx_word' id='word_1_335' title='bbox 1284 3982 1359 4025; x_wconf 87' lang='lat' dir='ltr'><strong>enm</strong></span> <span class='ocrx_word' id='word_1_336' title='bbox 1379 3963 1443 4047; x_wconf 80' lang='lat' dir='ltr'><strong>jem</strong></span> <span class='ocrx_word' id='word_1_337' title='bbox 1459 3964 1652 4029; x_wconf 72' lang='lat' dir='ltr'><strong>Proliehius</strong></span> <span class='ocrx_word' id='word_1_338' title='bbox 1665 3988 1768 4049; x_wconf 86' lang='lat' dir='ltr'><strong>sospe-</strong></span> 
     </span>
     <span class='ocr_line' id='line_1_35' title="bbox 227 4059 1767 4155; baseline 0.006 -31"><span class='ocrx_word' id='word_1_339' title='bbox 227 4064 302 4155; x_wconf 81' lang='lat' dir='ltr'><strong>Quo</strong></span> <span class='ocrx_word' id='word_1_340' title='bbox 316 4063 431 4147; x_wconf 62' lang='lat' dir='ltr'><strong>,magis</strong></span> <span class='ocrx_word' id='word_1_341' title='bbox 456 4059 613 4123; x_wconf 89' lang='lat' dir='ltr'><strong>laudanda</strong></span> <span class='ocrx_word' id='word_1_342' title='bbox 635 4061 760 4123; x_wconf 87' lang='lat' dir='ltr'><strong>Claudii</strong></span> <span class='ocrx_word' id='word_1_343' title='bbox 781 4061 813 4122; x_wconf 90' lang='lat' dir='ltr'><strong>in</strong></span> <span class='ocrx_word' id='word_1_344' title='bbox 834 4077 970 4125; x_wconf 90' lang='lat' dir='ltr'><strong>matrem</strong></span> <span class='ocrx_word' id='word_1_345' title='bbox 1029 4076 1117 4125; x_wconf 90' lang='lat' dir='ltr'><strong>ctum</strong></span> <span class='ocrx_word' id='word_1_346' title='bbox 1134 4061 1215 4124; x_wconf 83' lang='lat' dir='ltr'><strong>dixit</strong></span> <span class='ocrx_word' id='word_1_347' title='bbox 1236 4061 1288 4145; x_wconf 79' lang='lat' dir='ltr'><strong>d),</strong></span> <span class='ocrx_word' id='word_1_348' title='bbox 1304 4084 1414 4149; x_wconf 87' lang='lat' dir='ltr'><strong>nequo</strong></span> <span class='ocrx_word' id='word_1_349' title='bbox 1430 4086 1495 4151; x_wconf 78' lang='lat' dir='ltr'><strong>ego</strong></span> <span class='ocrx_word' id='word_1_350' title='bbox 1509 4066 1679 4145; x_wconf 79' lang='lat' dir='ltr'><strong>dubitem,</strong></span> <span class='ocrx_word' id='word_1_351' title='bbox 1699 4086 1767 4133; x_wconf 75' lang='lat' dir='ltr'><strong>etot</strong></span> 
     </span>
     <span class='ocr_line' id='line_1_36' title="bbox 226 4160 1766 4257; baseline 0.003 -30"><span class='ocrx_word' id='word_1_352' title='bbox 226 4166 346 4248; x_wconf 88' lang='lat' dir='ltr'><strong>pietas,</strong></span> <span class='ocrx_word' id='word_1_353' title='bbox 385 4183 468 4247; x_wconf 89' lang='lat' dir='ltr'><strong>quae</strong></span> <span class='ocrx_word' id='word_1_354' title='bbox 490 4162 589 4224; x_wconf 87' lang='lat' dir='ltr'><strong>toties</strong></span> <span class='ocrx_word' id='word_1_355' title='bbox 611 4160 679 4223; x_wconf 90' lang='lat' dir='ltr'><strong>lilio</strong></span> <span class='ocrx_word' id='word_1_356' title='bbox 703 4176 888 4246; x_wconf 85' lang='lat' dir='ltr'><strong>stuporem,</strong></span> <span class='ocrx_word' id='word_1_357' title='bbox 921 4183 972 4226; x_wconf 89' lang='lat' dir='ltr'><strong>so·</strong></span> <span class='ocrx_word' id='word_1_358' title='bbox 1028 4165 1125 4247; x_wconf 84' lang='lat' dir='ltr'><strong>plene</strong></span> <span class='ocrx_word' id='word_1_359' title='bbox 1151 4164 1380 4231; x_wconf 85' lang='lat' dir='ltr'><strong>adulterinum.</strong></span> <span class='ocrx_word' id='word_1_360' title='bbox 1438 4169 1476 4229; x_wconf 86' lang='lat' dir='ltr'><strong>lu</strong></span> <span class='ocrx_word' id='word_1_361' title='bbox 1500 4189 1616 4237; x_wconf 86' lang='lat' dir='ltr'><strong>museo</strong></span> <span class='ocrx_word' id='word_1_362' title='bbox 1639 4172 1766 4257; x_wconf 68' lang='lat' dir='ltr'><strong>reginus</strong></span> 
     </span>
     <span class='ocr_line' id='line_1_37' title="bbox 138 4263 1766 4353; baseline 0.003 -24"><span class='ocrx_word' id='word_1_363' title='bbox 138 4276 146 4289; x_wconf 84' lang='lat'><strong><em>‘</em></strong></span> <span class='ocrx_word' id='word_1_364' title='bbox 229 4267 438 4352; x_wconf 80' lang='lat' dir='ltr'><strong>cordiamque</strong></span> <span class='ocrx_word' id='word_1_365' title='bbox 470 4264 741 4347; x_wconf 80' lang='lat' dir='ltr'><strong>exprobraverat,</strong></span> <span class='ocrx_word' id='word_1_366' title='bbox 777 4276 813 4324; x_wconf 88' lang='lat' dir='ltr'><strong>ut</strong></span> <span class='ocrx_word' id='word_1_367' title='bbox 847 4264 879 4323; x_wconf 92' lang='lat' dir='ltr'><strong>in</strong></span> <span class='ocrx_word' id='word_1_368' title='bbox 906 4263 970 4328; x_wconf 90' lang='lat' dir='ltr'><strong>hoe</strong></span> <span class='ocrx_word' id='word_1_369' title='bbox 1029 4265 1212 4329; x_wconf 77' lang='lat' dir='ltr'><strong>christinae</strong></span> <span class='ocrx_word' id='word_1_370' title='bbox 1240 4267 1281 4330; x_wconf 89' lang='lat' dir='ltr'><strong>ab</strong></span> <span class='ocrx_word' id='word_1_371' title='bbox 1309 4270 1537 4353; x_wconf 80' lang='lat' dir='ltr'><strong>Haveresmpo</strong></span> <span class='ocrx_word' id='word_1_372' title='bbox 1568 4272 1660 4338; x_wconf 89' lang='lat' dir='ltr'><strong>odito</strong></span> <span class='ocrx_word' id='word_1_373' title='bbox 1685 4274 1766 4337; x_wconf 82' lang='lat' dir='ltr'><strong>inter</strong></span> 
     </span>
     <span class='ocr_line' id='line_1_38' title="bbox 230 4365 1568 4450; baseline 0.007 -22"><span class='ocrx_word' id='word_1_374' title='bbox 230 4367 431 4433; x_wconf 73' lang='lat' dir='ltr'><strong>docebimus.</strong></span> <span class='ocrx_word' id='word_1_375' title='bbox 475 4365 606 4450; x_wconf 83' lang='lat' dir='ltr'><strong>Templi</strong></span> <span class='ocrx_word' id='word_1_376' title='bbox 636 4365 797 4427; x_wconf 79' lang='lat' dir='ltr'><strong>Antoniae</strong></span> <span class='ocrx_word' id='word_1_377' title='bbox 824 4365 971 4429; x_wconf 90' lang='lat' dir='ltr'><strong>meminit</strong></span> <span class='ocrx_word' id='word_1_378' title='bbox 1028 4389 1143 4432; x_wconf 86' lang='lat' dir='ltr'><strong>numos</strong></span> <span class='ocrx_word' id='word_1_379' title='bbox 1161 4370 1200 4434; x_wconf 92' lang='lat'><strong>11.</strong></span> <span class='ocrx_word' id='word_1_380' title='bbox 1221 4370 1347 4434; x_wconf 80' lang='lat' dir='ltr'><strong>formae</strong></span> <span class='ocrx_word' id='word_1_381' title='bbox 1361 4386 1568 4437; x_wconf 87' lang='lat' dir='ltr'><strong>recensetur.</strong></span> 
     </span>
    </p>
   </div>
   <div class='ocr_carea' id='block_1_7' title="bbox 227 4590 1760 4756">
    <p class='ocr_par' dir='ltr' id='par_1_7' title="bbox 227 4590 1760 4756">
     <span class='ocr_line' id='line_1_39' title="bbox 227 4590 1760 4740; baseline 0.006 -96"><span class='ocrx_word' id='word_1_382' title='bbox 227 4594 293 4737; x_wconf 70' lang='lat' dir='ltr'><strong>Pa)</strong></span> <span class='ocrx_word' id='word_1_383' title='bbox 314 4591 504 4740; x_wconf 42' lang='lat' dir='ltr'><strong>11‘1Hx&#39;d115</strong></span> <span class='ocrx_word' id='word_1_384' title='bbox 603 4590 637 4662; x_wconf 87' lang='lat' dir='ltr'><strong>b)</strong></span> <span class='ocrx_word' id='word_1_385' title='bbox 657 4590 687 4649; x_wconf 91' lang='lat' dir='ltr'><strong>in</strong></span> <span class='ocrx_word' id='word_1_386' title='bbox 701 4590 806 4650; x_wconf 78' lang='lat' dir='ltr'><strong>Claud.</strong></span> <span class='ocrx_word' id='word_1_387' title='bbox 824 4604 902 4652; x_wconf 77' lang='lat' dir='ltr'><strong>etl.</strong></span> <span class='ocrx_word' id='word_1_388' title='bbox 1001 4595 1032 4666; x_wconf 87' lang='lat' dir='ltr'><strong>c)</strong></span> <span class='ocrx_word' id='word_1_389' title='bbox 1052 4593 1084 4653; x_wconf 86' lang='lat' dir='ltr'><strong>L.</strong></span> <span class='ocrx_word' id='word_1_390' title='bbox 1095 4592 1209 4655; x_wconf 81' lang='lat' dir='ltr'>XXXV.</span> <span class='ocrx_word' id='word_1_391' title='bbox 1224 4608 1292 4673; x_wconf 67' lang='lat' dir='ltr'><strong>pag.</strong></span> <span class='ocrx_word' id='word_1_392' title='bbox 1301 4598 1364 4671; x_wconf 74' lang='lat' dir='ltr'><strong>oct.</strong></span> <span class='ocrx_word' id='word_1_393' title='bbox 1464 4598 1499 4671; x_wconf 90' lang='lat' dir='ltr'><strong>d)</strong></span> <span class='ocrx_word' id='word_1_394' title='bbox 1520 4594 1760 4655; x_wconf 64' lang='lat' dir='ltr'><strong>cimelwndob.</strong></span> 
     </span>
     <span class='ocr_line' id='line_1_40' title="bbox 253 4691 499 4756; baseline 0.008 -21"><span class='ocrx_word' id='word_1_395' title='bbox 253 4691 305 4735; x_wconf 80' lang='lat' dir='ltr'><strong>nrt.</strong></span> <span class='ocrx_word' id='word_1_396' title='bbox 348 4701 434 4756; x_wconf 66' lang='lat' dir='ltr'><strong>pag.</strong></span> <span class='ocrx_word' id='word_1_397' title='bbox 492 4724 499 4737; x_wconf 86' lang='lat'><strong>.</strong></span> 
     </span>
    </p>
   </div>
   <div class='ocr_carea' id='block_1_8' title="bbox 0 0 2019 5370">
    <p class='ocr_par' dir='ltr' id='par_1_8' title="bbox 0 0 2019 5370">
     <span class='ocr_line' id='line_1_41' title="bbox 0 0 2019 5370; baseline 0 0"><span class='ocrx_word' id='word_1_398' title='bbox 0 0 2019 5370; x_wconf 95' lang='lat' dir='ltr'><strong> </strong></span> 
     </span>
    </p>
   </div>
  </div>
 </body>
</html>
