4012 5370
826 361 1169 436 nomtrtnna.
1563 391 1569 407 ι
1700 375 1771 452 342

219 540 249 588 ta
269 540 335 602 est,
363 525 483 590 deinde
508 526 632 593 debere
658 548 714 591 eos
743 528 841 592 tribui
860 533 973 620 Domi·
1027 546 1096 598 tum
1118 520 1309 608 Circenses,
1340 547 1612 619 carpentumque,
1651 535 1771 619 quoin

219 627 309 689 tillae
335 629 447 703 alteri,
481 651 580 714 quae,
618 630 706 715 quod
738 632 890 709 sciamus,
932 632 971 696 ad
1026 655 1146 719 pompa
1167 633 1411 711 traduceretur,
1442 648 1474 697 at
1495 634 1597 698 fnisse
1620 654 1691 698 eam
1715 656 1774 700 tm·

219 741 373 790 neutrum
406 745 519 795 crecta
542 745 602 793 est.
653 734 752 808 Sunt,
784 735 839 817 qui
860 733 973 797 Domi·
1027 756 1122 821 qnam
1155 747 1396 813 consecratum,
1434 757 1543 822 neqne
1571 736 1678 814 numi,
1717 757 1774 800 ne·

220 829 311 891 tillaa
343 831 479 912 junioris
503 836 783 897 consecrationem
808 856 849 898 ex
869 836 971 899 statio
1027 857 1091 921 que
1114 835 1262 899 historici
1285 858 1418 922 utquam
1436 832 1674 904 meminerunt..
1705 842 1774 903 Ho-

219 944 332 1015 putant
351 952 447 1013 posse
470 935 543 996 erui
563 938 611 1018 ⁸),
640 957 756 1000 verum
776 939 851 1001 satis
874 959 968 1020 appa·
1025 959 1097 1000 rum
1115 938 1316 1023 Agrippinae
1334 959 1510 1002 numerum
1531 953 1657 1024 partem
1682 963 1775 1007 aver·

220 1046 292 1107 ret,
322 1052 397 1094 enm
420 1032 563 1097 locutum
586 1057 660 1101 esse
681 1057 775 1100 more
797 1055 968 1121 poetarum
1027 1061 1094 1102 sam
1117 1039 1282 1121 Caligula,
1318 1054 1372 1102 ant
1393 1040 1502 1104 rarius
1532 1042 1684 1105 Claudius
1718 1043 1775 1108 de·

224 1138 424 1221 principibus
441 1136 651 1204 adulantium.
683 1138 808 1201 Eadem
827 1142 969 1206 enimte-
1025 1141 1186 1225 prompsit
1209 1160 1251 1203 ex
1272 1138 1381 1202 numia
1402 1141 1534 1220 Liviae,
1565 1144 1621 1225 qni
1642 1159 1772 1207 senten·

225 1261 265 1301 ro
287 1239 473 1301 conditione
496 1241 678 1321 Augustum
708 1261 837 1325 quoque
860 1244 968 1308 vivam
1026 1243 1234 1306 tiam-meam
1262 1241 1407 1324 apertius
1437 1241 1612 1307 stabiliunt.
1658 1247 1694 1306 lu
1716 1246 1776 1308 ho·

222 1366 239 1404 a
261 1355 374 1404 senatu
394 1353 618 1402 consecratum
633 1342 798 1423 oportebit
815 1356 969 1420 statuere,
1027 1365 1102 1407 rum
1124 1338 1379 1427 superlinienna
1393 1355 1459 1405 est:
1491 1343 1526 1410 S.
1543 1345 1580 1406 P.
1599 1344 1642 1438 Q.
1661 1347 1703 1413 R.
1717 1349 1777 1415 tv-

223 1445 376 1529 quoniam
394 1464 469 1504 eum
486 1440 591 1503 adhuc
608 1442 772 1505 viventem
788 1447 883 1507 deum
898 1466 969 1528 pas·
1027 1446 1142 1509 LlAE.
1154 1442 1343 1511 AVGVST.
1364 1445 1695 1524 Carpentum'abt'nt‘s
1706 1470 1774 1512 mu·

223 1546 282 1607 sim
294 1543 493 1626 compellant
505 1545 608 1617 Maro,
626 1546 721 1619 Naso,
737 1546 873 1630 aliique;
891 1546 968 1630 quin
1026 1549 1072 1610 lis
1087 1558 1242 1610 tractum.
1286 1543 1398 1606 Fuere
1419 1544 1454 1605 lti
1476 1545 1590 1609 Diniae
1611 1548 1717 1623 numi,
1740 1560 1776 1611 ut

224 1659 257 1709 et
277 1644 615 1707 Domitium-Neronis
643 1659 768 1727 patrem
787 1648 968 1709 naturalem
1025 1648 1102 1711 lbco
1124 1667 1183 1710 sno
1204 1645 1360 1722 vidimus,
1390 1664 1431 1709 'ea
1452 1634 1558 1708 adltuc
1584 1647 1715 1712 vivente
1732 1650 1774 1711 si*

223 1745 413 1808 habebimus
435 1758 676 1822 consecratum,
699 1747 772 1829 quia
794 1745 835 1809 de
855 1747 970 1810 eoSe·
1027 1749 1131 1831 gnati,
1164 1746 1386 1833 atquesdeo,
1418 1760 1588 1832 antequam
1615 1748 1698 1814 diris
1724 1769 1774 1813 ac·

222 1868 301 1910 neca
317 1846 398 1906 dixit
419 1845 480 1926 ἣτ’
958 1872 962 1889 ·
1026 1835 1243 1926 censeretur,
1269 1850 1332 1932 jam
1353 1847 1414 1909 luit
1437 1849 1469 1911 ei
1491 1849 1772 1915 decretathensm

287 1947 394 2021 ll'cro,
417 1954 486 2027 ipse
502 1949 576 2009 divo
595 1947 747 2010 Domitio
763 1953 900 2027 genitus
912 1969 970 2030 ps·
1026 1950 1177 2013 Eundem
1206 1951 1345 2014 thensas
1364 1943 1532 2014 ‘bonorem
1559 1951 1773 2035 Agrippinam

826 2062 885 2112 tre.
1025 2051 1188 2133 juniorem
1221 2051 1326 2116 adhue
1362 2050 1478 2116 vivam-
1498 2051 1560 2115 sibi
1596 2051 1771 2138 adrogasse

223 2148 454 2214 Tillemontiua
485 2167 617 2233 qnoque
648 2145 732 2211 hanc
765 2147 967 2213 Domitillam
1026 2152 1125 2215 tradit
1145 2151 1275 2216 Tacitus
1297 2153 1345 2232 ⁶),
1383 2166 1417 2215 et
1444 2153 1651 2218 Messalinam
1677 2153 1773 2218 Clau·

223 2267 448 2317 consecratam
461 2251 542 2312 dixit
558 2252 599 2331 c),
617 2249 675 2311 sed
689 2249 819 2313 nonnisi
836 2272 969 2335 sponso-
1027 2251 1072 2313 dii
1094 2251 1159 2315 Dio
1180 2251 1218 2333 ἶ).
1257 2251 1354 2319 Vnde
1376 2253 1584 2336 perspicuum
1605 2270 1671 2331 est,
1700 2275 1770 2319 ear·

220 2354 313 2417 ribus
341 2352 446 2414 numia
466 2351 604 2428 Goltzii,
643 2351 793 2434 quisunt
817 2351 968 2434 inhujus
1026 2367 1161 2436 pentum
1183 2352 1283 2417 luisse
1302 2353 1469 2417 decretum
1483 2355 1621 2437 ¹publice
1643 2357 1772 2441 signnm

224 2457 396 2518 Thesauro
413 2452 617 2516 huberrimo.
1027 2453 1193 2538 amplioris
1210 2455 1378 2537 cujusdam
1395 2457 1637 2533 venerationis,
1656 2473 1775 2521 utnon

287 2559 332 2618 At
350 2557 437 2618 enim
456 2575 571 2620 aversa
591 2554 886 2618 exhibetthensam
903 2574 971 2634 nsu-
1028 2555 1295 2622 consecrationis.
1346 2557 1390 2617 Bt
1410 2556 1489 2619 licet
1506 2578 1584 2620 sane
1605 2579 1647 2621 ex
1670 2560 1772 2620 omni·

223 2658 264 2719 lis
283 2671 430 2730 rectam,
459 2676 558 2739 ergo,
589 2659 702 2742 inquet
723 2652 856 2741 aliquis',
887 2655 915 2717 si
937 2654 971 2716 hi
1027 2675 1111 2738 gena
1140 2654 1350 2718 similitudine
1373 2676 1546 2718 nnmornm
1570 2659 1770 2743 Agrippinae

222 2754 439 2822 numitorem
456 2756 645 2820 Domitillae
665 2759 804 2834 sororis,
827 2756 969 2840 ipsehic
1027 2755 1184 2830 senioris,
1214 2767 1248 2817 at
1268 2754 1458 2818 Domitillae
1481 2758 1659 2841 colligere,
1697 2778 1771 2821 ean·

223 2873 319 2942 typus
343 2858 590 2942 comprobaret,
624 2881 695 2924 eam
719 2858 819 2921 luisse
841 2858 969 2941 superis
1026 2860 1102 2921 dem
1132 2855 1274 2919 omnino
1292 2857 1460 2940 utriusque
1490 2858 1591 2922 luisse
1614 2859 1772 2923 conditio·

225 2961 432 3044 adscriptam.
463 2960 587 3025 Verum
606 2960 678 3042 jure
695 2982 877 3045 negavero,
900 2980 969 3023 car·
1025 2981 1122 3040 nem3
1162 2956 1335 3042 utrobique
1371 2958 1563 3023 omittuntur
1592 2961 1682 3023 tituli
1713 2962 1772 3022 Dl-

223 3077 358 3144 pentum
383 3060 487 3123 simile
507 3081 580 3123 esse
602 3075 728 3123 certum
754 3062 970 3125 consecratio·
1026 3062 1134 3136 VAE,
1166 3072 1199 3122 et
1218 3058 1473 3137 AVGVSTAE,
1505 3060 1656 3145 quoniam
1684 3078 1771 3124 ntra·

222 3164 274 3224 nis
301 3161 467 3224 indicium.
512 3161 610 3254 Quod
631 3177 666 3225 ut
685 3183 764 3226 vere
783 3163 967 3239 adlimam,
1027 3184 1090 3249 qne
1115 3183 1222 3247 neque
1249 3175 1441 3225 consecrata
1461 3161 1540 3238 fuis,
1574 3183 1682 3249 neque
1706 3166 1772 3226 Au·

224 3265 323 3326 liceat
353 3284 533 3347 provocare
562 3262 601 3326 ad
632 3285 747 3327 numos
768 3263 969 3346 Agrippinae
1027 3277 1139 3347 gustas
1168 3264 1302 3325 nomino
1339 3263 1490 3345 insignis,
1533 3277 1566 3325 et
1596 3265 1767 3348 utrobique

223 3365 379 3440 senioris,
398 3364 453 3447 qui
473 3379 506 3427 et
525 3366 752 3450 inscriptione,
770 3377 803 3429 ct
822 3378 899 3447 typo
918 3365 969 3426 bis
1026 3364 1180 3427 scribitur
1209 3362 1464 3437 MEMORIAE,
1499 3363 1655 3427 suadente
1677 3364 1770 3426 nimi·

223 3467 345 3529 nostris
376 3464 458 3528 adeo
488 3480 562 3528 sunt
592 3467 733 3541 similes,
770 3479 806 3527 ut
829 3464 968 3528 dubitari
1026 3488 1097 3528 rum
1119 3465 1241 3549 pietate
1260 3462 1384 3525 illicia
1406 3481 1544 3526 uxorem
1564 3463 1676 3527 fratris
1688 3467 1770 3529 Ger·

224 3589 290 3630 non
318 3567 437 3649 possit,
470 3567 509 3628 ab
536 3568 601 3631 illis
629 3581 836 3651 praesentem
859 3582 968 3651 typum
1026 3566 1161 3642 manici,
1193 3563 1300 3627 hieria
1320 3561 1479 3627 sororem.
1518 3563 1579 3627 His
1596 3566 1697 3650 igitur
1716 3588 1770 3630 ex·

222 3667 325 3731 luisse
355 3681 497 3749 captum,
538 3690 574 3732 ac
601 3682 776 3753 propterca
797 3670 969 3751 insigniter
1024 3666 1134 3749 pensis
1164 3684 1262 3728 neme
1290 3663 1392 3728 credo
1414 3667 1493 3741 erit,
1529 3667 1584 3752 qui
1612 3668 1764 3754 ambiget,

224 3769 263 3831 ad
287 3770 371 3830 hanc
392 3787 520 3832 causam
542 3772 660 3834 valent.
703 3773 829 3833 Horum
855 3791 967 3835 aversa
1023 3788 1138 3831 numos
1164 3785 1278 3830 omnes
1295 3767 1483 3831 Domitillae
1503 3770 1636 3833 nentina
1659 3771 1772 3834 inscri-

224 3885 292 3934 est:
325 3871 360 3933 S.
381 3871 418 3932 P.
436 3871 476 3963 Q.
493 3875 533 3936 tt.
551 3871 800 3937 MEMORlAE.
824 3872 970 3934 aGtt1P-
1026 3884 1116 3955 ptos,
1129 3870 1185 3955 qni
1196 3873 1292 3932 divos
1306 3871 1526 3951 etAugustne
1541 3871 1772 3935 nominaomit·

226 3974 372 4034 PlNAE.
429 3975 555 4037 Thema
577 3979 707 4037 ubiuis
729 3976 969 4036 mulistructn.
1026 3983 1107 4048 tunt,
1131 3976 1222 4053 (sunt
1237 3983 1344 4034 antem
1360 3985 1482 4035 tantum
1501 3973 1594 4035 aenei
1609 3975 1633 4035 1.
1646 3974 1769 4037 formae

227 4076 395 4138 'I'enemus
434 4097 476 4139 ex
513 4077 669 4141 Suetonio
691 4075 740 4156 d)‚
789 4075 968 4158 Caligulam
1023 4087 1184 4137 ‘cumane
1207 4074 1272 4136 lton
1293 4065 1539 4157 tbsnsaetype)
1566 4092 1639 4137 csse
1657 4075 1768 4137 Domis

227 4179 320 4239 ma'tri
357 4178 558 4261 Agrippinae
607 4177 791 4240 instituisse>
825 4175 968 4251 inferias,
1025 4160 1117 4240 tillse
1135 4174 1476 4256 junioritribuendos.

262 4495 289 4540 a*
312 4491 381 4545 situ.
398 4491 428 4547 L.
441 4491 460 4545 l.
478 4509 565 4545 carm.
584 4506 605 4548 t.
625 4509 650 4543 v.
661 4502 705 4560 97.
724 4499 768 4562 98.
897 4489 931 4560 b)
951 4490 980 4543 in
999 4487 1119 4544 Octavia
1138 4496 1235 4559 vnde.
1365 4489 1395 4556 c)
1416 4486 1444 4541 in
1459 4485 1581 4561 Vespas.
1599 4497 1652 4541 art.
1664 4487 1684 4542 l.
1703 4507 1731 4561 p.
1743 4498 1768 4549 3.

229 4577 513 4651 d]inCalig.c.15.
627 4577 884 4645 manuatim.
995 4575 1238 4645 oblitam.
1555 4586 1559 4591 '

1420 4666 1524 4725 ttxs
