3998 5340
793 398 1153 474 nan-nt-sttvst
1684 431 1755 512 49,

216 580 373 647 Hadriani
398 579 538 661 conjugo
560 573 601 638 sd
615 570 801 635 Memnonis
823 582 960 631 statuam
1018 569 1234 653 comprobare
1255 571 1377 638 nititur·
1425 576 1589 663 Fueritne¹
1608 582 1672 647 boc
1698 587 1765 649 Ha·

215 675 390 751 uisendam·
417 677 620 762 proiectum,
657 673 841 755 factumque
874 668 961 732 istud
1019 669 1125 734 driani
1141 671 1173 732 in
1188 693 1259 736 eam
1277 675 1448 758 regionem
1467 679 1532 741 iter
1550 680 1706 768 simplex,
1723 710 1764 751 an

216 781 406 871 imperantis
423 777 580 843 Hadriani
602 795 686 840 anno
703 775 791 851 XV,
821 772 890 836 sire
914 791 963 835 se·
1021 772 1213 855 geminum,¹
1233 774 1397 859 disputare
1423 799 1489 841 non
1511 779 1621 860 lubet,
1648 807 1765 852 rernm

218 886 359 970 eundum
383 900 498 944 numos
515 873 555 940 12.
575 874 630 939 IG.
676 878 768 960 Ergo
790 895 874 937 anno
897 872 963 937 boo
1020 894 1254 968 mearumesse
1272 878 1412 994 partium
1432 879 1594 959 existimo,
1612 901 1765 951 evertere

217 966 441 1083 Alexandrino
458 979 668 1056 Hadrianus,
685 991 725 1040 et
736 975 854 1040 Sabina
871 994 964 1058 prae·
1020 991 1248 1061 argumentum
1264 979 1335 1060 ejus
1349 980 1580 1045 validissimum
1591 1007 1685 1070 ,quo
1700 991 1768 1072 pri·

218 1084 327 1154 sentes
354 1085 484 1150 fuere
475 1105 509 1144 ιιι
527 1083 696 1165 Aegypto,
726 1079 798 1162 qui,
830 1091 865 1140 ot
884 1076 965 1139 dixi-
1022 1100 1128 1157 mum,
1168 1100 1205 1143 ac
1240 1081 1395 1145 maturius
1425 1084 1583 1149 Hadriani
1612 1089 1677 1151 iter
1707 1091 1768 1152 niti

219 1215 306 1267 mus,
325 1188 469 1271 eoeptt
449 1196 591 1247 exeunte
602 1184 749 1264 Augusto
768 1180 810 1244 V.
826 1179 862 1242 C.
884 1177 965 1253 883,
1021 1181 1093 1264 ipse
1116 1193 1262 1248 testator.
1294 1181 1346 1243 Ad
1368 1198 1437 1247 tres
1458 1187 1545 1249 enirn
1565 1210 1681 1252 numos
1702 1194 1769 1252 An·

220 1297 256 1354 P
279 1293 320 1357 X
362 1291 430 1356 130.
483 1283 633 1368 Amplius
664 1296 699 1345 et
734 1280 821 1345 diem
852 1278 967 1343 delinit
1022 1281 1105 1344 tinoi
1133 1284 1301 1347 commatis
1328 1285 1560 1364 Alexandrini,
1589 1310 1702 1355 omnes
1725 1294 1766 1359 L

220 1415 392 1471 marmor,
409 1408 517 1473 neque
534 1397 701 1469 quartum,
725 1397 758 1446 et
775 1383 966 1449 vicesimum
1027 1381 1075 1448 Θ..
1086 1397 1232 1462 notatos,
1262 1406 1344 1470 quos
1366 1389 1479 1450 olim
1469 1411 1503 1450 sn
1530 1392 1679 1476 catalogo
1703 1414 1771 1456 mu·

220 1497 341 1562 mensis
367 1492 482 1574 Athyr.
526 1485 643 1570 Coepit
674 1485 728 1548 bic
750 1486 872 1546 mensis
893 1480 968 1550 arici
1027 1484 1085 1546 sei
1108 1475 1259 1548 Caesarei
1299 1486 1556 1574 descripseram,
1601 1511 1769 1576 provocat,

220 1598 375 1682 Aegyptii
400 1592 517 1657 tertius
547 1591 582 1650 in
611 1607 696 1651 anno
725 1585 889 1648 commoni
912 1583 966 1645 die
1025 1606 1074 1650 ex
1087 1605 1152 1671 quo
1176 1588 1248 1667 jure
1273 1588 1397 1680 arguit,
1428 1612 1502 1683 curn
1524 1593 1686 1661 Antinous
1706 1600 1773 1665 Ha·

220 1700 369 1768 xxvltt.
408 1691 563 1758 Octobris
602 1690 676 1753 anni
713 1687 845 1762 loliani,
884 1703 967 1769 ergo
1025 1686 1131 1749 driani
1147 1706 1257 1750 comes
1272 1686 1409 1753 testibus
1425 1691 1476 1754 his
1491 1693 1606 1755 nnmis
1622 1710 1771 1761 mortuus

222 1814 354 1885 quartus
368 1811 403 1862 et
414 1794 588 1862 vicesimus
603 1791 708 1874 Athyr
727 1787 879 1852 currebat
894 1807 969 1850 cum
1026 1789 1095 1871 jam
1104 1788 1234 1852 fuerit
1224 1811 1259 1851 sn
1274 1792 1425 1876 Aegypto
1442 1814 1527 1856 anno
1551 1794 1682 1877 imperii
1698 1800 1771 1874 ΙΧ.,

224 1904 277 1966 die
297 1900 369 1964 xx.
387 1894 602 1970 Novembris,
634 1911 699 1977 quo
721 1889 807 1973 apud
822 1891 970 1954 Memno-
1026 1891 1117 1953 numi
1149 1890 1205 1952 alii
1227 1891 1441 1956 Alexandrini
1463 1893 1664 1960 Hadrianum
1686 1920 1774 1973 anno

223 1999 520 2068 nemluitSabina.
552 1997 603 2056 En
622 2013 663 2057 ex
683 1991 885 2054 illustribus
902 2010 971 2053 mo·
1026 1993 1100 2060 XV.
1121 1980 1222 2056 fuisse
1243 1993 1442 2079 inAegypto
1465 1993 1643 2076 testentur,
1666 2004 1770 2086 sequi,

222 2095 681 2183 numentotempissproxime
700 2092 884 2167 delinitum,
904 2111 969 2176 quo
1027 2093 1077 2157 bis
1116 2114 1190 2156 eum
1216 2093 1267 2157 ,sd
1298 2095 1382 2160 hanc
1410 2098 1584 2182 regionem
1611 2101 1772 2168 invisisse,

223 2207 405 2270 Hadrianus
422 2204 455 2264 in
474 2204 623 2282 Aegypto
641 2213 796 2276 praesens
816 2193 879 2255 luit
895 2213 970 2276 pro·
1027 2197 1153 2263 Verum
1169 2217 1243 2260 enm
1260 2196 1394 2260 eosdem
1413 2199 1474 2262 hos
1489 2221 1605 2265 numos
1622 2205 1774 2269 secundis

222 2311 308 2372 xime
326 2306 421 2369 etiam
435 2300 613 2365 accedente
627 2295 913 2375 divoHieronyrno
930 2294 969 2373 ¹),
1028 2297 1114 2360 euris
1129 2297 1161 2358 in
1179 2318 1316 2360 examen
1329 2320 1538 2366 revocassem
1555 2325 1596 2368 eo
1612 2319 1773 2388 ternpore,

159 2478 164 2486 ,
223 2431 262 2473 ex
289 2409 380 2492 eujus
401 2418 509 2467 mente
538 2398 714 2474 Antinous,
752 2395 910 2458 Hadriani
934 2396 968 2455 in
1028 2419 1093 2482 quo
1110 2399 1226 2463 cadem
1243 2416 1434 2483 argumenta
1450 2403 1492 2467 da
1508 2405 1665 2470 Hadriani
1681 2408 1775 2472 itine-
1903 2482 1906 2486 ι

223 2513 341 2574 itinere
372 2504 537 2590 Aegyptio
574 2520 704 2575 eomes,
745 2498 780 2558 in
816 2498 967 2580 Aegypto
1025 2518 1082 2576 re,
1104 2513 1138 2562 et
1152 2514 1257 2564 morte
1274 2505 1409 2567 Antinoi
1426 2519 1565 2570 tractare
1583 2509 1689 2592 coepi,
1707 2529 1774 2572 non

224 2606 533 2674 mortunsestVnC
551 2596 968 2683 concoquendisque
1028 2599 1168 2663 obscure
1186 2600 1269 2677 vidi,
1299 2604 1477 2686 legendum
1505 2609 1670 2688 potiusls.
1694 2609 1773 2683 1Θ.,

224 2715 316 2797 plura
333 2707 506 2774 dicemus
497 2727 530 2766 ιιι
546 2714 677 2766 moneta
694 2698 838 2762 Antinoi.
1028 2711 1063 2760 ut
1078 2699 1162 2763 adeo
1186 2715 1300 2764 auctor
1321 2704 1518 2767 clarissimus
1542 2727 1583 2768 ex
1599 2709 1649 2771 bis
1668 2713 1774 2775 musei

288 2815 381 2876 Haec
412 2807 541 2895 pridem
572 2803 785 2884 scripseram,
823 2815 898 2863 eum
929 2798 970 2861 ad
1028 2800 1133 2863 nostri
1169 2803 1275 2863 numis
1313 2803 1395 2865 nihil
1425 2790 1542 2868 babeat
1575 2806 1616 2868 ad
1645 2830 1774 2875 eausam

225 2936 336 2980 manus
362 2932 451 2975 meas
479 2905 631 2994 pervenit
655 2925 737 3020 opus
751 2902 970 2986 praeclarum
1029 2923 1117 2963 suam
1149 2902 1300 2983 subsidii,
1329 2918 1364 2968 et
1391 2920 1522 2989 gravate
1552 2906 1692 2971 feram'
1683 2933 1773 2995 rpse,

226 3013 364 3101 Georgii
389 3015 537 3095 Zodgae,
571 3027 635 3091 quo
661 3007 688 3068 is
713 3002 893 3087 Aegyptios
912 3024 970 3065 nu·
1029 3024 1101 3067 mea
1117 2951 1318 3089 negligentia
1334 3009 1407 3072 viro
1424 3007 1513 3069 milti-
1528 3010 1721 3076 amieissimo
1739 3017 1774 3075 in

225 3142 295 3183 mos
324 3117 429 3179 musei
454 3107 610 3194 Borgiani
636 3105 811 3169 illustrarit
844 3103 970 3186 adjecta
1029 3126 1067 3169 re
1090 3109 1249 3190 gravioris
1264 3110 1421 3172 momenti
1436 3109 1536 3172 fuisse
1552 3111 1694 3178 illusum.
1719 3117 1775 3180 Vi·

226 3217 453 3284 dissertatione
476 3213 517 3277 de
546 3225 711 3292 tempore,
744 3228 810 3291 quo
835 3207 970 3271 Hadria·
1030 3206 1099 3283 de,
1120 3229 1202 3292 quae
1222 3208 1263 3272 de
1283 3209 1333 3272 bis
1349 3211 1484 3275 Antinoi
1499 3214 1606 3278 onmis
1623 3215 1655 3277 in
1678 3218 1773 3300 hujus

226 3346 284 3386 nus
314 3322 347 3382 in
375 3318 528 3400 Aegypto
556 3312 627 3376 fuit.
687 3311 761 3373 Non
791 3325 891 3393 negat
921 3311 970 3374 vir
1028 3324 1158 3373 moneta
1175 3312 1338 3396 copiosius
1356 3311 1523 3379 disseram.

225 3438 408 3508 praestans,
437 3417 637 3482 Hadrianum
660 3431 744 3475 anno
768 3411 900 3494 imperii
922 3430 970 3473 se·
1091 3412 1127 3474 st
1149 3413 1353 3495 Hieronymo
1375 3410 1426 3495 b),
1457 3429 1491 3477 et
1518 3415 1712 3483 Cassiodoro
1739 3418 1777 3482 ti·

226 3527 368 3592 eundum
388 3517 627 3585 Alexandrinos
641 3513 714 3579 XV.
738 3512 840 3575 fuisse
859 3513 893 3573 in
909 3514 973 3574 Ae·
1031 3511 1107 3590 des,
1142 3513 1327 3578 Hadrianus
1356 3514 1588 3580 Alexandriam
1614 3543 1631 3581 s
1657 3522 1774 3585 Roma·

226 3602 345 3710 gypto,
384 3623 490 3685 numia
522 3613 752 3683 Alexandrinis
783 3633 856 3677 eum
886 3636 971 3677 anno
1030 3614 1080 3676 nis
1104 3629 1258 3680 vastatam
1282 3613 1420 3693 refecit,
1456 3630 1490 3681 et
1521 3633 1604 3682 teste
1630 3622 1774 3705 Vopiseo

227 3725 302 3801 ta,
332 3745 414 3809 quos
434 3716 706 3807 suprsindicari,
738 3715 833 3777 nimis
858 3731 972 3801 aperte
1030 3730 1142 3780 vetera
1166 3719 1338 3803 privilegia
1361 3720 1520 3796 restituit,
1558 3735 1591 3783 et
1619 3742 1701 3788 nova
1721 3723 1776 3787 ad·
1846 3759 1848 3761 ·
1926 3735 1928 3739 ’

226 3827 312 3890 istud
344 3825 548 3891 docentibus.
606 3822 749 3892 verum,
778 3816 867 3900 quod
901 3818 971 3879 aliis
1031 3817 1111 3879 didit
1128 3821 1167 3899 ο).
1210 3822 1247 3881 Ιι
1279 3820 1394 3885 eadem
1424 3823 1508 3886 urbe
1539 3842 1613 3887 com
1649 3825 1775 3906 proles·

228 3930 325 3994 etiam
345 3927 425 3993 viris
446 3927 581 3991 cruditis
598 3921 760 4010 placuisse
780 3917 891 3995 rideo,
923 3918 972 3982 bis
1013 3919 1160 4002 ,soribus
1176 3920 1356 4003 disputasse
1374 3924 1407 3985 in
1420 3945 1548 3999 museo,
1566 3924 1663 3988 tradit
1678 3928 1775 4011 Spar·

227 4053 303 4095 eum
332 4030 367 4091 in
395 4029 583 4114 Aegyptum
621 4024 805 4110 profectum
846 4021 972 4095 statuit,
1031 4022 1145 4087 tianns.
1168 4023 1253 4107 Typi
1267 4045 1440 4090 numerum
1453 4026 1673 4109 praesentium
1687 4029 1775 4111 prin·

226 4121 432 4219 primumque
462 4130 532 4212 ejus
565 4128 629 4190 iter
658 4145 742 4189 anno
767 4122 897 4205 imperii
921 4142 972 4186 se·
1022 4124 1120 4207 cipes
1132 4123 1275 4210 Aegypti
1301 4126 1398 4203 deos,
1426 4140 1480 4190 aut
1502 4127 1678 4193 fertilitatis
1696 4150 1773 4214 eog-

227 4236 368 4297 cundum
396 4229 636 4295 Alexandrinos
657 4229 714 4292 Vl.
743 4222 873 4306 adfigit,
906 4244 970 4307 quo
1029 4224 1115 4288 nitae
1148 4242 1338 4310 arguments
1376 4227 1548 4303 exhibent,
1587 4250 1624 4293 ae
1664 4246 1776 4294 notan·

225 4340 320 4402 etiam
347 4351 496 4416 tempore
527 4342 690 4391 mortuum
720 4326 767 4388 ibi
796 4325 971 4388 Antinoum
1031 4327 1107 4390 dum
1129 4343 1317 4412 praeterea,
1348 4351 1510 4414 nunquam
1533 4331 1565 4390 in
1587 4333 1693 4395 numia
1711 4335 1775 4397 Ro·

263 4659 292 4729 n)
312 4657 345 4715 ln
362 4653 522 4715 Chronico.
597 4648 707 4719 b)l.e.
784 4648 814 4720 e)
833 4647 864 4704 iu
880 4646 1047 4705 Saturnino.
1065 4657 1126 4711 ea.
1239 4668 1243 4675 ⁴

1393 4742 1552 4833 Qqqa
