4012 5370
636 505 1125 613 aaaoataio
1594 529 1662 597 nx

105 702 189 786 mis
207 701 277 807 iis,
308 728 412 814 quos
431 698 598 785 additae
614 726 855 784 museomm
874 713 997 785 notae
1020 700 1300 816 distinguunt,
1330 705 1446 821 signo
1465 677 1670 818 evidente,
1716 766 1720 774 -
1787 719 1790 726 “

103 870 176 924 eos
198 867 226 922 a·
243 839 433 923 Morellio
455 867 509 923 ex
528 836 760 951 archetypis
780 837 878 950 ipsis
899 850 1063 952 captos,
1091 838 1419 955 delineatosque,
1452 872 1597 958 neque
1613 872 1667 930 ex
1823 904 1824 908 κ

105 975 295 1082 incertis,
323 974 615 1088 suspectisque
629 975 811 1059 fontibus
830 973 958 1058 fuisse
976 975 1137 1086 petitos.

193 1116 403 1197 Hactenus
426 1111 479 1197 de
498 1125 691 1197 monetae
710 1114 948 1225 Augusteae
968 1111 1072 1220 fide,
1093 1115 1317 1228 praecipua
1340 1145 1441 1201 sane
1468 1115 1565 1201 artis
1590 1143 1667 1201 nu·-

107 1250 365 1337 mismaticae
382 1263 520 1363 parte,
549 1247 828 1335 disseruimus.
869 1248 1088 1364 Agendum
1108 1251 1237 1337 etiam
1260 1250 1312 1336 de
1334 1281 1479 1338 eorum
1506 1254 1670 1361 merito,

108 1417 288 1502 quorum
314 1415 440 1500 opera
466 1388 515 1472 in
538 1388 608 1471 illa
634 1383 1260 1503 illtrstranda„explicandaqrte
1284 1405 1451 1479 versata·
1471 1403 1542 1475 est
1582 1391 1665 1474 llas
1713 1438 1715 1443 2

109 1525 279 1639 quidem
302 1537 441 1638 partes
467 1526 557 1640 jam
579 1522 781 1637 occupavi
806 1518 864 1648 in
879 1524 1142 1638 generalibus
1168 1525 1326 1610 adhoc
1346 1556 1449 1640 opus
1469 1528 1665 1641 Prolego-

111 1662 241 1747 menis
261 1675 359 1747 toto·
372 1660 665 1776 capiteXXll,
691 1676 839 1746 tamen
851 1660 1044 1747 hocloco
1063 1663 1262 1747 nonnulla
1280 1664 1474 1778 privatim
1494 1693 1667 1748 monen-

108 1799 162 1883 da
184 1813 352 1885 restant
386 1794 627 1896 Generatim
650 1824 735 1879 non
758 1796 839 1882 nisi
863 1813 986 1885 caute
1011 1799 1219 1886 utendum
1238 1795 1450 1881 veteribus
1473 1796 1570 1879 artis
1594 1824 1669 1879 no·
1789 1813 1792 1821 '

107 1953 224 2023 strae·
242 1933 466 2050 magistris,
494 1940 568 2016 trtz'
598 1931 819 2025 Tristem,
857 1927 1133 2048 Spanliemi'o,¹
1165 1938 1348 2048 Begero,
1384 1959 1563 2047 quorum
1589 1935 1667 2017 etsi

105 2072 360 2160 incredibilis
378 2071 459 2156 fuit
480 2067 678 2176 eruditio,
701 2083 843 2156 tamen
862 2073 988 2158 nimia
1007 2074 1180 2158 facilitas
1196 2072 1348 2186 partim
1368 2070 1412 2154 in
1433 2070 1665 2182 adproban-

106 2213 169 2296 dis
190 2211 353 2318 munis,
379 2207 451 2322 qui
472 2206 600 2320 spurii
623 2220 742 2314 sunt,
765 2223 839 2295 aut
859 2210 1003 2296 saltem
1023 2212 1116 2327 jure
1135 2209 1342 2323 suspecti,
1363 2208 1515 2322 partim
1533 2208 1582 2292 in·
1597 2235 1668 2292 re-

104 2347 308 2462 cipiendis
330 2347 409 2432 illis
429 2373 480 2429 eo
498 2343 644 2454 modo,
666 2372 750 2458 quo
773 2348 839 2428 ab
853 2345 941 2432 aliis
961 2349 1149 2461 vulgatos
1173 2360 1438 2459 reperenrnt,
1463 2374 1568 2430 cum
1585 2376 1669 2430 non

105 2511 368 2597 magnopere
382 2482 428 2567 in
450 2507 604 2567 verum
627 2507 852 2568 numorum
880 2499 1036 2571 statum
1062 2497 1254 2570 curarent
1281 2482 1506 2596 inquirere..
1548 2491 1664 2594 Quae

104 2626 264 2709 fuerint
281 2621 361 2704 alia
381 2647 526 2704 eorum
542 2633 615 2703 aut
632 2620 756 2724 vitia,
781 2634 854 2707 aut
872 2623 1003 2708 etiam-
1013 2622 1186 2709 illustria
1205 2621 1374 2730 merita,
1401 2633 1493 2704 tum
1517 2633 1559 2704 et
1575 2620 1667 2704 illo-

105 2788 223 2860 rum,
248 2757 417 2872 quibos
437 2756 575 2840 secuti
588 2755 774 2864 sunt,'in
794 2756 941 2843 iisdem
961 2759 1269 2874 Prolegomenis
1295 2756 1551 2871 compendio
1568 2755 1665 2840 dixi

108 2900 154 2982 ln
172 2897 289 2983 hunc
307 2909 450 2980 tamen
467 2893 606 2976 locum
624 2892 832 2979 reservavi
854 2895 1064 3010 judicimu-
1082 2882 1148 2980 ‘de
1164 2893 1313 3007 amplis
1341 2893 1667 2995 commentariis,-

109 3063 213 3148 quos
238 3032 293 3118 ad
318 3029 582 3144 explicandas
613 3030 777 3115 tabulas
800 3031 979 3116 Morellii
1008 3030 1227 3118 duodecim
1260 3030 1558 3144 imperatorum
1589 3030 1668 3113 nu·

110 3201 202 3257 mos
228 3165 488 3284 complexas,
524 3167 577 3253 de
602 3168 753 3281 quibus
777 3169 924 3281 perillo·
943 3170 1065 3256 alfius
1090 3168 1274 3285 egimus,
1309 3166 1544 3253 elucubrati
1569 3182 1669 3251 sunt

106 3307 235 3398 Illviri
263 3305 404 3421 magni
425 3291 478 3388 ab
510 3303 743 3391 eruditione
766 3308 942 3393 nominis
967 3308 1222 3395 Christianus
1245 3305 1526 3420 Schlegelius,
1551 3307 1667 3420 Sige-

107 3451 255 3532 laertus
274 3443 604 3556 Haeeercampus,
630 3458 676 3530 et·
694 3446 838 3531 Franc.
858 3450 949 3532 Ant
970 3447 1130 3531 Gorius.
1166 3446 1334 3528 Horum·
1346 3444 1503 3555 primae
1527 3456 1663 3553 partes
1789 3450 1792 3454 ’

108 3614 209 3670 mm
228 3595 388 3691 essent,
416 3581 468 3667 de
488 3582 744 3698 singulorum
767 3611 989 3702 numorum
1007 3583 1089 3668 lide
1114 3596 1248 3667 certos
1273 3609 1348 3664 nos
1372 3579 1570 3686 reddere,
1596 3608 1668 3662 ne·
1752 3679 1758 3686 ι

107 3725 243 3836 glecta
259 3748 314 3806 ea
337 3749 442 3806 cura
463 3721 653 3833 amplum·
672 3721 791 3805 nobis
815 3704 1146 3806 testimoniorum
1171 3731 1439 3831 apparatum,
1468 3715 1669 3801 nimirum

106 3873 295 3948 veterem
319 3859 567 3944 cantilenam
589 3859 710 3944 toties
730 3856 786 3941 ad
801 3853 1020 3942 fastidium
1035 3856 1248 3963 audi-tam,
1270 3849 1520 3964 obtrudunt,
1551 3865 1593 3938 et
1614 3883 1669 3936 ne

109 3998 240 4083 nescii
257 3996 490 4102 videantur,
513 3996 565 4080 i'n
583 4023 767 4109 quorum
784 3996 977 4107 operibus
997 3993 1238 4079 nidulentur
1257 3993 1376 4078 numi
1396 3993 1560 4107 singuli,
1587 3990 1669 4102 pri-

10 4163 15 4247 ’,
109 4164 227 4221 mum
247 4133 510 4219 Goltzianam
529 4160 711 4217 mercem
733 4121 880 4247 quater
896 4133 1014 4217 nobis
1035 4131 1275 4240 obtrudunt,
1287 4162 1291 4168 ·
1303 4159 1356 4215 ex
1376 4131 1539 4215 Goltzio
1561 4129 1687 4242 ipso,

113 4273 263 4359 deirade
286 4298 340 4356 ex
364 4270 517 4356 Nonnii
538 4269 807 4376 collectione,
833 4282 927 4354 tum
951 4296 1005 4353 ex
1027 4268 1270 4376 Vaillantio,
1299 4267 1477 4379 denique
1502 4293 1555 4349 ex
1576 4267 1668 4367 lllo7

113 4411 212 4495 rellii
235 4409 376 4495 numis
400 4407 622 4514 restitutis3
647 4405 712 4491 his
741 4407 999 4526 conjungunt
1029 4408 1128 4492 artis
1159 4395 1328 4492 nostrae
1353 4417 1516 4511 atavos,
1545 4401 1666 4488 Eriz-

117 4576 231 4657 zum,
253 4550 489 4653 Oeconem,
509 4545 809 4654 Hemelarium,
833 4539 1103 4652 Oudaanum,
1132 4544 1337 4656 aliosque,
1368 4570 1470 4654 quos
1495 4573 1579 4628 non
1597 4574 1668 4625 va-

119 4683 182 4770 des
198 4686 399 4790 idoneos,-
434 4682 505 4769 sed
531 4710 649 4769 serva
670 4681 824 4768 Goltzii
853 4708 1002 4795 pecora
1028 4682 1163 4796 aptius
1191 4677 1469 4794 appellaveris.
1513 4682 1666 4767 Verum
1792 4794 1794 4799 ,

1367 4847 1389 4903 C
1416 4844 1437 4908 ²
