3998 5340
840 481 892 557 ιι.
928 481 1176 560 ιιιιιι.
1735 497 1782 584 2,

224 653 338 740 goutel
368 649 514 718 rariores
542 656 619 716 sant
647 648 765 717 aureis.
816 652 972 719 Pondere
1028 653 1583 746 nominis,etdecujusop1l›as
1613 682 1779 730 noncon·
1877 675 1885 683 ·

224 756 298 821 iere
338 754 533 874 conspirant
554 774 630 819 cum
658 752 767 816 aureis
797 752 975 838 imperato·
1031 767 1111 832 stat,
1133 769 1221 821 tauta
1240 752 1333 842 copia
1350 766 1468 825 aureos
1484 761 1633 846 feriisse,
1655 781 1773 854 quauta

225 879 300 922 rum
334 857 433 943 primi
460 854 552 933 aeri,
591 852 716 919 fabrica
746 854 823 918 setis
853 855 974 922 hiulca.
1032 855 1232 921 Graecarum
1271 858 1402 923 urbium
1444 864 1586 945 nullam,
1643 891 1686 935 ne
1722 886 1780 956 po·

227 961 266 1023 ln
287 960 349 1024 hos
369 970 446 1044 post
465 957 549 1022 alios
569 953 741 1018 liberalius
766 957 977 1022 commentati
1031 959 1228 1024 tentissimas
1263 961 1396 1045 quidem
1431 964 1605 1048 Syracusas
1642 991 1684 1034 ex
1714 973 1778 1037 hee

228 1074 303 1126 sunt
331 1060 478 1123 Lieheus
500 1059 546 1139 ·,)
577 1054 683 1121 serius
711 1058 973 1142 Harercampus,
1030 1061 1166 1124 metallo
1181 1058 1305 1126 fudisse
1320 1064 1495 1130 ιιοιίιιιιιιῖ
1526 1091 1566 1131 an
1592 1081 1696 1134 tantos
1715 1095 1777 1156 pro

227 1167 320 1248 cujus
343 1159 504 1226 sententia
533 1171 584 1220 est
610 1157 644 1219 in
672 1158 900 1241 compendium
922 1179 975 1223 re-
1029 1175 1147 1226 rentus
1160 1161 1306 1226 dabimus
1320 1165 1498 1232 urbeculae
1511 1169 1777 1252 Etruscae,cum

227 1266 322 1329 decta
338 1263 392 1346 1ι),
412 1260 555 1347 signatos
571 1257 678 1327 rideri
697 1260 791 1324 Cosis
809 1262 973 1340 Etruriae,
1030 1263 1109 1327 alias
1133 1265 1203 1348 ejus
1225 1267 1331 1348 gentis
1358 1267 1457 1332 urbes
1474 1270 1588 1353 opibus
1603 1275 1708 1340 multo
1728 1299 1778 1340 su·

227 1384 371 1450 cumque
405 1355 491 1427 llaec
518 1359 595 1425 urbs
620 1359 760 1426 deducta
780 1361 822 1426 sit
844 1363 973 1427 colonia
1029 1366 1180 1448 periores
1202 1381 1367 1430 monetam
1390 1391 1522 1433 auream
1548 1380 1712 1460 nunquam
1737 1380 1778 1441 si·

226 1469 269 1538 V.
286 1469 323 1534 C.
339 1465 419 1544 odo,
446 1475 484 1527 ut
508 1460 607 1527 docet
626 1463 795 1542 Velleius,
836 1483 972 1528 necesse
1031 1487 1146 1552 grasse
1173 1489 1215 1531 ex
1240 1468 1399 1569 ipsoejus
1421 1471 1641 1558 desectujure
1666 1498 1778 1564 argua-

226 1591 319 1648 esse,
357 1586 455 1633 cusos
483 1577 557 1630 ante
588 1565 676 1629 istud
708 1578 858 1651 tempus,
899 1566 973 1651 quis
1029 1571 1125 1635 musi
1162 1570 1301 1633 Multo
1291 1571 1393 1655 igitur
1414 1575 1515 1659 magia
1534 1575 1714 1660 probabilis
1730 1583 1776 1644 al·

224 1676 352 1738 Graeca
372 1669 484 1754 lingua
504 1664 654 1751 inscripti
678 1680 770 1745 sunt,
793 1689 854 1752 qua
875 1669 973 1732 Etru·
1029 1683 1101 1734 tera
1135 1662 1312 1746 senteutia',
1352 1692 1434 1757 quae
1465 1680 1560 1741 cusos
1587 1698 1645 1743 eos
1673 1680 1777 1765 impe·

223 1775 270 1841 sci
299 1785 450 1850 veteres,
482 1783 653 1854 autequam
683 1769 840 1833 Romanis
873 1769 972 1854 subji·
1028 1784 1122 1835 rante
1150 1770 1295 1835 Bruto'
1286 1795 1321 1835 ιιι
1348 1775 1430 1837 urbe
1460 1781 1608 1863 quapiam
1627 1781 1775 1859 Graeca,

221 1870 396 1951 cer-entur,
424 1872 475 1937 usi
497 1885 589 1949 suut3
624 1871 812 1957 propositos
834 1871 971 1935 veroin
1029 1875 1158 1938 Corone
1181 1876 1274 1958 operi
1296 1876 1485 1960 praefecto,
1506 1881 1649 1966 conjicit.
1675 1883 1775 1947 Prae·

218 1998 319 2042 numo
335 1978 473 2042 lictores
493 1995 567 2038 cum
582 1974 741 2051 fascibus,
768 1986 802 2037 et
819 1974 969 2058 aquilam,
1027 1988 1185 2065 terquam
1197 1977 1284 2040 enim
1308 1977 1397 2063 quod
1420 1992 1514 2063 typus
1535 1982 1684 2066 proxime
1700 2005 1773 2049 cum

219 2101 340 2164 nempe
361 2079 500 2164 iusignia
520 2077 652 2162 imperii
672 2075 821 2139 Etruscis
841 2075 971 2160 pridem
1026 2077 1164 2162 reliquis
1184 2079 1279 2141 Bruti
1298 2080 1404 2144 numia
1424 2082 1604 2166 conspirat,
1632 2085 1774 2149 animad-

217 2183 369 2267 eoguita,
400 2195 497 2267 atque
520 2179 561 2244 sb
588 2178 643 2242 hia
659 2181 798 2242 Romam
831 2177 966 2242 volente
1026 2179 1222 2243 vertendum
1252 2182 1370 2258 etiam,
1401 2182 1502 2266 ipsam
1533 2182 1689 2249 fabricam
1719 2210 1774 2249 ru·

218 2277 379 2348 'Romulo
391 2284 549 2347 traducta.
596 2282 736 2345 Secutus
760 2293 815 2344 est
843 2281 968 2344 Hater-
1020 2265 1154 2345 diorum
1170 2303 1251 2368 opus
1268 2284 1529 2361 tumultuarium,
1558 2299 1592 2349 ct
1606 2307 1669 2371 per
1687 2289 1773 2351 subi·

220 2408 354 2471 campus
391 2384 497 2450 hac
486 2406 521 2447 ιιι
551 2383 710 2449 sententia
741 2380 970 2466 antesignanos
1028 2393 1076 2444 tas
1096 2403 1212 2453 causas
1238 2385 1437 2469 imperatum
1474 2386 1598 2451 testari.
1643 2390 1788 2455 Deinde·

180 2509 181 2514 ¹
220 2490 428 2567 Tristaunut,
460 2501 495 2553 ct
524 2486 744 2566 Parianae).
792 2485 970 2548 Molestum
1027 2503 1095 2547 nou
1121 2506 1236 2569 parum
1268 2487 1428 2551 sententis
1449 2488 1563 2553 haec
1552 2505 1681 2572 juvetur
1703 2514 1772 2557 ora·

221 2606 331 2656 ιιιιιοιι
347 2590 410 2655 fuit
425 2590 497 2655 viro
516 2590 648 2655 erudito
663 2587 818 2672 scriptum
835 2586 870 2648 in
886 2587 971 2671 typis
1028 2587 1118 2651 tione
1140 2589 1281 2674 Appiani
1302 2588 1462 2652 narrantis
1477 2585 1528 2671 d),
1566 2593 1775 2659 Polemocra-

221 2692 431 2780 Morellianis
455 2689 661 2769 ΚΩΣΩΝ,
693 2710 767 2766 cum
794 2683 971 2750 ΚΟΣΩΝ
1027 2689 1106 2753 tiam
1134 2691 1245 2774 reguli
1272 2688 1441 2774 cujusdam
1471 2691 1604 2755 Thracii
1635 2702 1773 2760 nx'orem

223 2794 325 2860 scribi
356 2807 549 2878 oporteret,
579 2792 607 2856 si
636 2790 753 2854 urbem
781 2792 881 2853 Cosas
900 2790 971 2873 epi·
1029 2810 1125 2853 caeso
1153 2790 1193 2852 ab
1216 2791 1357 2855 inimicis
1372 2791 1508 2868 marito,
1539 2811 1612 2856 cum
1627 2795 1696 2860 lilio
1713 2820 1773 2861 suo

225 2895 352 2980 graphe
377 2894 559 2972 iudicaret,
592 2892 713 2957 deinde
738 2889 825 2976 qnod
846 2903 972 2973 tempo·
1028 2903 1209 2965 metueret,
1235 2890 1276 2952 ad
1297 2892 1434 2956 Brutum
1455 2892 1656 2975 proiectam,
1688 2912 1722 2960 et
1737 2897 1774 2959 fi·

222 2997 315 3060 ribus
341 2996 410 3060 istis
436 3007 568 3059 moneta
589 2990 890 3057 aureauondum
864 3012 970 3074 sagna-
1027 2988 1109 3051 lium
1131 2991 1163 3052 ei
1181 3012 1274 3053 susm
1301 2993 1567 3072 commendasse,
1603 3011 1638 3060 et
1666 3000 1774 3061 mariti

223 3114 256 3162 ta
270 3112 320 3162 est
336 3096 371 3159 in
390 3096 492 3161 ltalia.
515 3095 626 3191 Quare
645 3094 823 3159 verisimile
840 3113 970 3177 quoque
1027 3090 1197 3155 thesauros
1216 3092 1405 3171 tradidisse,
1430 3117 1577 3179 magnam
1600 3097 1635 3159 in
1652 3099 1703 3162 ltis
1722 3122 1774 3163 re·

220 3200 338 3278 visum,
365 3198 559 3264 vocabulum
571 3190 760 3260 ΚΩΣΩΝ
775 3214 891 3257 nomeu
903 3216 972 3256 mo·
1026 3207 1154 3275 pectam
1181 3194 1252 3259 auri
1278 3197 1471 3281 argentique
1495 3199 1640 3282 copiam,
1672 3202 1771 3280 uude,

217 3306 387 3386 gistratus
402 3301 496 3365 urbis
510 3298 685 3364 Asiuevel
702 3296 866 3360 Graeciae
882 3319 969 3374 esse,
1026 3295 1134 3375 addit,
1157 3296 1317 3381 signatam
1333 3319 1351 3360 a
1368 3298 1471 3362 Bruto
1488 3301 1659 3369 numisma.
1696 3305 1771 3367 Non

220 3425 305 3484 poce
319 3416 464 3486 tempore
480 3404 591 3479 Cossis·
606 3410 640 3463 ct
653 3400 755 3463 Bruti
767 3420 901 3461 numum
913 3421 969 3461 eu·
1026 3412 1138 3461 metuo
1156 3399 1255 3477 levis,
1269 3413 1323 3462 aut
1341 3399 1543 3466 inconsultae
1561 3404 1770 3487 conjecturae

220 3508 319 3582 derit,
335 3507 453 3569 literas
468 3493 968 3586 monogrammctt'sAllim‘tio·
1023 3516 1152 3579 notam,
1183 3501 1211 3564 ai
1242 3521 1359 3564 numos
1379 3502 1441 3566 hos
1462 3503 1598 3566 eosdem
1619 3524 1692 3569 esse
1709 3514 1772 3589 'pa-

217 3608 270 3669 les
289 3628 360 3669 esse
381 3608 486 3687 primi
503 3606 651 3668 consulis
673 3604 713 3668 L.
735 3602 846 3666 Bruti,
874 3603 966 3666 Haec
1023 3616 1111 3681 tem,
1148 3623 1230 3688 quos
1263 3601 1329 3666 ltoc
1359 3605 1434 3667 loco
1470 3603 1625 3670 iudicavit
1651 3607 1772 3690 Appia·

174 3755 177 3759 -
220 3712 485 3791 Hatercampus,
511 3707 568 3791 qui
583 3719 692 3771 tamen
711 3704 831 3767 frustra
847 3723 883 3765 se
898 3715 966 3766 tar·
1022 3726 1102 3782 nus,
1131 3703 1309 3787 praecipue
1325 3724 1399 3768 cum
1417 3726 1489 3769 eam
1511 3707 1692 3791 temporis,
1721 3709 1769 3772 lo-

218 3811 291 3876 lsari
305 3804 417 3896 passus
441 3822 492 3874 est
508 3807 655 3871 Morellii
679 3805 864 3878 iconismis;
891 3826 966 3868 nam
1023 3805 1120 3890 cique
1151 3806 1325 3888 peristases
1354 3808 1493 3872 multum
1520 3808 1684 3893 adjuvent.
1708 3812 1772 3873 -Et

218 3917 253 3976 in
274 3911 460 3997 archetypis
480 3909 640 3984 omuibus,
660 3931 800 3994 quorum
817 3927 964 3992 maguam
1023 3928 1104 3975 vero
1121 3909 1234 3971 testari
1252 3909 1323 3992 ipsc
1346 3930 1500 3991 possum,
1528 3911 1719 3998 frequentes
1736 3914 1770 3974 id

219 4017 349 4102 copiam
366 4013 449 4089 ridi,
469 4034 635 4099 nunquam
650 4006 855 4086 ΚΩΣΩΝ,
882 4029 978 4073 ιιιιι·.,
1024 4030 1128 4094 genus
1149 4032 1266 4074 numos
1290 4011 1385 4075 nobis
1411 4034 1452 4076 ex
1473 4013 1591 4089 Dacia,
1630 4029 1665 4079 et
1686 4015 1770 4078 infe·

218 4139 282 4205 per
300 4111 478 4180 ΚΟΣΩΝ
493 4116 650 4199 scriptum
668 4113 747 4197 legi.
776 4114 821 4176 At
846 4132 967 4197 expen-
1023 4113 1115 4175 riore
1136 4112 1303 4197 Hungaris
1320 4114 1462 4192 adferri,
1495 4136 1559 4201 quo
1581 4115 1654 4200 ipso
1672 4118 1768 4181 alveo

220 4219 365 4284 dandum
402 4217 544 4303 primum
576 4216 685 4279 iuerat
713 4216 965 4300 Harercampo,
1023 4227 1073 4277 tot
1105 4212 1145 4276 ad
1170 4236 1231 4278 nos
1254 4215 1415 4301 Philippi,
1444 4216 1640 4294 Alexandri,
1675 4220 1770 4301 Lysi·

222 4322 459 4407 omnibusque,
491 4319 547 4405 qui
569 4339 685 4381 numos
713 4319 775 4381 los
799 4318 891 4381 Coeia
911 4319 968 4379 tri·
1023 4316 1132 4380 machi
1159 4317 1319 4395 adlluunt,
1349 4339 1480 4404 exque
1503 4319 1574 4403 ipso
1602 4319 1700 4385 facilc
1721 4324 1770 4383 in·

220 4426 381 4503 buerunt,
403 4424 488 4488 sitne
502 4421 695 4500 verisimile,
720 4418 836 4485 urbem
855 4420 968 4506 exigui
1023 4420 1171 4502 telligas,
1203 4419 1346 4504 signatos
1375 4418 1410 4481 in
1440 4433 1545 4485 tractu
1576 4421 1685 4488 'vicino
1708 4427 1768 4488 hos

259 4658 290 4728 a)
312 4654 599 4729 Goth.num.p.15.
680 4648 717 4723 b)
737 4648 776 4705 ad
788 4648 888 4708 Famil.
905 4645 1032 4704 Morellii
1048 4665 1078 4723 p.
1090 4657 1155 4712 ιιι.
1235 4647 1267 4719 c)
1287 4645 1374 4705 Num.
1388 4646 1455 4706 lam.
1469 4670 1499 4728 p.
1515 4659 1574 4712 teo.
1655 4651 1689 4723 d)
1711 4650 1772 4706 Bel.

220 4745 489 4806 mhfficw
621 4746 626 4758 ⁸
