4012 5370
820 446 833 576 ⁵.
848 461 898 533 M.
931 458 1195 538 LEPIDVS.

575 755 630 820 M.
664 752 956 819 AEMILIVS
996 753 1246 819 LEPIDVS
1286 752 1477 822 zthttt.

303 943 341 1001 ln
368 935 503 1003 dissidio
534 937 632 1004 civili
652 949 763 1021 partes
789 939 816 1002 l.
842 936 989 1000 Caesaris
1021 984 1033 1007 .
1349 933 1385 1000 N
1392 941 1497 1003 umis

237 1053 387 1121 secutus,
420 1043 463 1111 V.
486 1041 522 1103 C.
544 1041 611 1120 708
639 1039 728 1101 illius
756 1037 792 1099 in
820 1040 990 1103 consulatu
1190 1037 1237 1099 M.
1258 1035 1460 1110 LEPIDVS.
1481 1039 1615 1114 IIIVIR.
1636 1043 1680 1115 R,
1699 1045 1741 1118 P,
1760 1046 1798 1115 c,

235 1145 392 1229 conlega,
423 1163 508 1207 anno
532 1155 691 1226 sequente
714 1139 869 1222 magister
898 1142 989 1226 equi·
1193 1141 1302 1223 caput
1319 1141 1440 1224 Lepidi
1458 1147 1593 1209 nudans.

236 1261 307 1311 tum
336 1259 463 1309 creatus
493 1258 560 1322 est,
600 1263 677 1306 mox
712 1238 849 1305 vacuum
884 1243 986 1307 caede
1036 1241 1157 1332 ,caput
1179 1243 1229 1302 M.
1247 1243 1412 1322 Antonii,
1435 1248 1488 1308 vel
1507 1249 1700 1317 Octaviani.
1721 1253 1795 1318 att.

240 1348 390 1411 Caesaris
420 1345 644 1428 pontificatum
676 1343 849 1406 maximum
881 1342 987 1406 abstu·
1045 1344 1081 1402 ln
1102 1340 1240 1404 aliorum
1260 1363 1388 1408 aversa:
1418 1348 1517 1410 aurii·
1535 1349 1662 1426 IIIviri
1688 1374 1797 1419 mone·

234 1448 282 1512 lit.
331 1447 506 1510 Profectus
541 1447 576 1521 in
610 1435 812 1529 provinciam
846 1445 986 1508 Galliam
1043 1444 1145 1521 tales,
1166 1446 1356 1529 aliussidius
1373 1447 1518 1529 Longus,
1539 1449 1717 1518 Livineius
1734 1457 1795 1521 lic·

233 1549 507 1625 Narbonensem,
551 1549 702 1610 fervente
740 1560 808 1609 tum
846 1547 985 1609 maxime
1040 1532 1145 1627 gulos
1163 1557 1224 1609 etc.
1247 1546 1319 1612 AV.
1338 1549 1438 1630 (Mus.
1456 1550 1565 1630 Caes.)

234 1651 326 1714 nerto
365 1651 543 1713 Mutinensi
576 1650 610 1710 in
643 1649 749 1712 caua
787 1646 986 1730 transalpina
1142 1649 1188 1711 su
1213 1648 1356 1713 namn.
1379 1648 1474 1714 cos,
1502 1650 1592 1715 nar.
1623 1653 1793 1737 capessa-
1830 1638 1833 1643 ’

234 1753 394 1836 tantisper
422 1752 587 1828 adhaesit,
616 1751 722 1834 jussus
750 1773 769 1814 a
796 1762 910 1813 senatu
937 1750 984 1810 M.
1142 1748 1230 1825 culo,
1252 1751 1675 1835 aspergillnm„sccespito,
1694 1778 1792 1840 apex.

232 1854 411 1916 Antonium
436 1852 527 1915 bollo
553 1840 718 1938 persequi.
755 1854 882 1922 Verum
909 1871 985 1915 cum
1043 1851 1090 1912 M.
1110 1848 1276 1913 ANTON.
1297 1851 1498 1915 COS.1MP.
1521 1853 1794 1941 Lituusproqse-

234 1955 312 2018 huic
342 1955 427 2038 apud
458 1956 615 2018 Mutinam
646 1955 751 2031 victo,
788 1968 822 2018 et
848 1954 882 2037 in
910 1953 986 2014 Gal·
1043 1951 1205 2028 riculum,
1221 1972 1358 2016 corum.
1386 1956 1426 2014 ln
1443 1951 1602 2033 denariis,
1627 1969 1662 2020 et
1680 1959 1793 2043 quina·

233 2057 311 2119 liam
333 2055 476 2140 profugo
495 2057 570 2121 'sive
592 2054 746 2140 perfidia,
776 2055 845 2118 sive
873 2054 984 2117 incon·
1042 2050 1110 2116 riis.
1135 2052 1285 2130 (Morelli
1304 2051 1431 2118 infans.
1449 2056 1568 2122 Ancon.
1587 2057 1717 2140 tabo.)

233 2159 320 2222 salto
351 2171 441 2220 metu
471 2158 621 2242 legiones
652 2180 724 2220 suas
752 2154 982 2231 commisisset,
1104 2154 1296 2217 lMPerator
1310 2155 1344 2215 in
1359 2175 1458 2218 numo
1472 2158 1578 2246 altero
1594 2158 1791 2227 inscribitur

232 2259 335 2322 hostis
357 2259 499 2342 primum
522 2281 540 2321 a
561 2273 674 2321 senatu
697 2257 875 2342 judicatus,
906 2277 983 2318 mox
1040 2253 1204 2337 Lepidus,
1229 2255 1300 2341 qni,
1324 2269 1496 2342 antequam
1515 2258 1549 2320 id
1571 2281 1676 2343 genus
1697 2269 1789 2329 numi

234 2384 252 2423 a
279 2361 472 2424 coeuntibus
498 2361 534 2422 iu
563 2360 736 2424 amicitiam
756 2359 917 2436 Antonio,
948 2372 983 2422 et
1039 2354 1235 2435 ferirentur,
1259 2355 1438 2440 imperator
1458 2361 1578 2424 iterum
1596 2362 1705 2429 dictus
1724 2367 1787 2449 jam

232 2461 413 2528 Octaviano
442 2463 477 2522 in
508 2463 674 2531 lllviratus
707 2462 897 2526 societatem
928 2459 983 2524 ad·
1039 2456 1101 2519 fuit
1118 2472 1203 2522 teste
1223 2460 1295 2543 ipso
1313 2460 1473 2537 Cicerone
1490 2463 1535 2543 ¹),
1562 2477 1596 2527 et
1611 2464 1700 2535 binis
1719 2471 1787 2552 epi.

231 2564 331 2626 scitus
350 2576 400 2625 est
417 2564 459 2630 V.
474 2563 509 2628 C.
526 2586 609 2645 711,
631 2564 722 2646 cujus
740 2561 805 2626 fine
825 2563 900 2625 anni
915 2564 981 2624 Ilo·
1039 2558 1147 2636 stolis,
1162 2581 1244 2644 quae
1263 2574 1338 2624 sunt
1353 2563 1441 2625 inter
1456 2561 1636 2630 familiares
1652 2569 1786 2635 Cicero·

231 2687 317 2728 mam
339 2666 507 2749 ingressus
533 2664 574 2729 de
601 2665 754 2748 Hispanis
779 2663 979 2748 triumphum
1037 2661 1088 2721 nis
1109 2662 1148 2727 1..
1163 2662 1202 2724 X.
1220 2662 1271 2737 34.
1289 2665 1341 2728 35.
1368 2666 1487 2748 Neque
1506 2687 1588 2735 uero
1612 2670 1720 2735 solum
1739 2673 1788 2737 le·

229 2768 308 2851 egit.
342 2769 378 2828 ln
409 2768 651 2851 provinciarum
675 2766 845 2829 sortitione
867 2779 979 2828 nactus
1037 2761 1152 2845 giones
1167 2763 1227 2825 sub
1243 2784 1278 2826 sc
1296 2758 1496 2843 habuit,'sed
1509 2767 1559 2832 bis
1573 2770 1785 2858 triumphavit

219 2866 436 2953 Hispaniam,
475 2869 679 2955 Galliamque
715 2867 977 2946 Narbonensem,
1037 2864 1152 2939 etiam,
1182 2867 1243 2927 etsi
1265 2885 1305 2928 cx
1328 2868 1415 2931 nulla
1438 2869 1559 2934 bellica
1580 2871 1696 2949 laude,
1720 2876 1785 2960 pri·

228 2985 262 3033 ct
285 2971 400 3035 consul
423 2970 542 3033 iterum
559 2972 600 3038 V.
619 2973 654 3036 C.
669 2991 748 3053 712,
779 2970 922 3033 Antonio
945 2984 979 3033 et
1036 2986 1125 3027 mum
1141 2967 1181 3034 V·
1198 2967 1232 3028 C.
1248 2970 1311 3048 708
1329 2989 1370 3031 ex
1389 2964 1543 3055 Hispania
1563 2974 1721 3040 citeriore
1739 2977 1784 3040 fo·

230 3071 411 3136 Octaviano
435 3071 476 3132 ad
501 3076 547 3138 M.
566 3073 662 3134 Bruti
689 3071 813 3134 bellum
836 3072 984 3155 egressis·
1035 3082 1133 3130 vente
1151 3071 1176 3132 1.
1195 3069 1345 3146 Caesare,
1361 3090 1435 3134 cum
1449 3094 1516 3135 non
1530 3073 1781 3164 haberet,quod

227 3173 339 3235 ltaliae
372 3172 503 3233 interim
537 3172 716 3234 custodiam
749 3171 871 3235 habuit.
915 3173 976 3236 Ce-
1033 3168 1067 3229 in
1093 3169 1258 3252 triumpho
1287 3171 1428 3236 inferret
1451 3183 1586 3256 praeter
1614 3177 1781 3264 ademptas
1812 3258 1819 3277 ἱ

226 3289 336 3336 terum
377 3286 515 3355 propter
554 3271 737 3334 socordiam
773 3273 975 3356 contemptui
1032 3271 1129 3332 sociis
1145 3273 1301 3354 pecunias
1317 3271 1361 3356 l²).
1385 3272 1586 3361 Triumphus
1604 3278 1693 3344 alter
1709 3280 1778 3346 eia

227 3374 357 3436 babitus
388 3373 428 3437 ab
457 3373 636 3457 Octaviano
665 3395 727 3458 pro
751 3371 878 3450 Gallia,
907 3372 975 3459 Hi·
1030 3386 1145 3434 senatu
1160 3374 1203 3439 V.
1219 3375 1326 3455 C.7u
1348 3376 1491 3440 nondum
1508 3380 1627 3444 lllrino
1643 3383 1777 3451 R.P.C.

227 3476 402 3562 spaniaque
456 3454 595 3537 biennii
646 3489 720 3560 post
771 3473 972 3557 provinciam
1031 3472 1202 3551 decretus,
1236 3475 1325 3560 quod
1352 3479 1567 3543 reconciliato
1596 3502 1674 3546 cum
1704 3507 1777 3568 rep.

225 3579 372 3643 Africam
395 3579 521 3662 accipit.
545 3577 678 3640 Accitus
700 3575 820 3639 deinde
842 3575 882 3639 ad
903 3576 973 3638 bel·
1031 3576 1108 3638 Sex.
1126 3577 1286 3662 Pompeio
1310 3581 1498 3663 Hispaniam
1523 3582 1594 3648 sine
1616 3587 1775 3671 sanguine

224 3683 294 3744 lum
316 3703 391 3746 cum
413 3682 490 3748 Sex.
505 3680 665 3762 Pompejo
688 3678 885 3762 gerendum,
907 3679 971 3743 hoc
1029 3679 1237 3761 recuperavit
1262 3681 1301 3761 ο).
1340 3684 1413 3764 lpse
1439 3683 1590 3766 pontifex
1616 3689 1776 3754 maxianus

224 3785 298 3846 fuse
320 3783 496 3867 fugatoque
523 3803 599 3845 cum
624 3780 750 3843 animos
777 3779 896 3843 stolide
925 3776 981 3842 ef?
1028 3777 1241 3842 instrumenta
1265 3781 1461 3863 pontificalia
1487 3786 1521 3846 in
1543 3808 1644 3852 numo
1669 3805 1777 3855 osten·

222 3886 346 3963 ferret,
380 3884 420 3947 ab
450 3883 629 3946 Octaviano
661 3881 863 3965 legionibus,
896 3903 972 3966 pro·
1028 3894 1088 3958 tat,
1110 3896 1145 3946 nt
1162 3884 1323 3946 Antonius
1338 3905 1443 3967 augur
1459 3888 1635 3968 auguralia.

115 4046 124 4059 ,
222 3986 348 4064 vincia,
375 3986 525 4050 Illviratu
546 3997 662 4048 exutus
682 3984 723 4049 V.
743 3984 778 4046 C.
796 3985 861 4065 718
883 3983 970 4066 apud

225 4089 372 4172 Cireejos
392 4088 549 4171 deinceps
568 4084 711 4168 privatus
730 4085 826 4149 vitam
843 4085 969 4168 exegit,
1148 4066 1253 4132 Numi
1274 4073 1449 4133 commatis
1465 4076 1645 4155 peregrini.

222 4204 369 4254 mortuus
399 4192 440 4258 V.
464 4191 500 4255 C.
521 4198 596 4271 74¹·
641 4185 727 4254 Vide
764 4187 846 4248 haec
883 4185 969 4269 apud
1092 4189 1193 4265 ,Vrbis
1208 4189 1334 4275 llberos
1353 4187 1503 4253 Graecae
1520 4191 1612 4254 numi
1632 4214 1708 4258 cnm
1726 4217 1777 4261 co·

94 4332 109 4357 f
220 4293 381 4371 Dionem,
415 4292 616 4378 Appianum,
649 4286 836 4367 Velleium,
874 4289 970 4353 alios·
1024 4289 1093 4374 pite
1107 4287 1225 4372 Lepidi
1241 4302 1315 4353 sunt
1328 4290 1498 4357 rarissimi.
1515 4294 1680 4378 Antipolis
1692 4298 1774 4361 Nar·

222 4414 296 4478 que.
784 4420 787 4424 ·
1023 4392 1179 4456 bonensis
1200 4391 1357 4457 habemus
1377 4386 1497 4473 unum,
1528 4416 1628 4482 quem
1648 4397 1771 4466 descii-

258 4711 288 4780 ι.)
308 4705 415 4781 rattip.
432 4702 509 4762 x111.
528 4715 590 4767 aa.
666 4706 701 4776 a)
720 4707 777 4764 nto
792 4707 825 4764 n.
839 4704 944 4766 xant
962 4707 985 4779 s.
999 4722 1023 4767 1.
1100 4707 1131 4778 ο)
1153 4692 1216 4762 cte.
1232 4706 1399 4785 ristxui.
1433 4695 1444 4716 '
