4012 5370
751 436 1037 524 TIBERIVS.
1595 462 1665 531 183

224 605 402 690 dissipante
424 605 566 689 primum
595 605 629 666 iu
656 604 798 668 Siciliam
824 605 866 667 ad

215 709 432 792 Pompejum‚
459 707 536 769 inde
563 706 604 769 ad
625 709 669 771 Μ.
686 696 865 781 Antonium

226 831 331 873 uxore
360 808 466 881 Liria,
496 823 531 870 et
561 809 694 872 Tiberio
724 809 864 873 necdum

201 933 208 972 t
251 910 408 994 profugit.
451 910 610 972 Restituta
650 933 725 972 mox
764 914 865 974 Anto·

921 605 975 668 uia
999 602 1149 668 exstincti
1175 625 1294 690 corpus
1313 607 1450 671 Romam
1472 613 1664 680 relert.·0b

922 706 1024 774 victos
1055 707 1233 781 Dalmatas,
1273 729 1310 772 ac
1342 710 1526 776 Pannonius
1565 735 1662 781 orans

924 807 1039 869 urbem
1055 807 1161 871 intrat.
1185 809 1292 891 (Dio.)

985 910 1026 975 V.
1046 910 1083 972 C.
1109 911 1182 991 746.
1217 914 1252 972 lu
1271 912 1452 976 Germanos
1472 932 1583 981 moret
1607 919 1665 982 du·

201 1011 337 1086 linter,
368 1025 402 1073 et
426 1009 637 1076 Octavianum
661 1035 741 1096 paee
765 1029 860 1098 pater
917 1023 1099 1073 ctosocum
1122 1012 1157 1074 C.
1176 1011 1325 1080 Caesare.
1369 1016 1480 1079 Rebus
1501 1021 1662 1104 composi·

201 1114 270 1176 rius
298 1113 392 1178 venia
412 1113 494 1176 facta
514 1116 651 1177 Romam
678 1117 791 1191 rediit,
821 1138 858 1180 ac
915 1111 956 1175 tis
980 1112 1159 1196 imperator
1181 1114 1316 1193 dieitur,
1344 1130 1379 1181 et
1398 1115 1580 1204 triumphus
1608 1120 1664 1186 de·

201 1219 227 1278 lo
251 1229 327 1296 post
352 1215 392 1277 V.
422 1215 457 1274 C.
485 1217 546 1297 716
572 1209 695 1280 Liviam
737 1218 862 1281 Tiberii

201 1317 222 1377 .·i
244 1330 381 1376 matrem
407 1319 530 1398 petenti
550 1318 729 1380 Octaviano
752 1321 860 1384 cessit.

201 1431 251 1502 pta
273 1417 360 1480 virili
386 1430 479 1498 toga,
511 1420 597 1500 quod
626 1414 744 1481 sactum
766 1422 807 1485 V.
826 1423 860 1488 C.

207 1520 262 1583 die
289 1520 408 1584 xxiv.
432 1521 553 1599 Aprilis
594 1519 752 1582 deliniunt
788 1522 861 1583 fasti

200 1623 225 1696 i,
253 1642 336 1706 quae
362 1620 480 1682 deinde
506 1622 575 1704 ejus
592 1644 653 1702 per
673 1622 861 1685 adolescen-

209 1723 334 1785 luerint
351 1744 404 1783 res
423 1737 531 1805 geste,
558 1725 753 1806 compendio
770 1746 862 1786 enan

202 1824 354 1887 uetonius
379 1828 422 1901 ¹),
448 1824 542 1886 ducta
560 1826 648 1886 ‘intra
672 1826 757 1886 istud
783 1840 863 1888 tem·

201 1926 343 2009 Vipsania
355 1927 531 2007 Agrippina
549 1929 594 1988 M.
604 1928 769 2009 Agrippae
784 1926 860 1991 fitia.

201 2051 242 2090 tra
268 2047 345 2088 mox
371 2027 540 2087 mandante
563 2030 709 2111 Augusto
733 2050 865 2111 aggres-

217 2149 300 2213 qnae
327 2149 413 2188 nune
433 2149 494 2210 per
519 2129 650 2191 annales
669 2129 862 2215 compendio

201 2231 352 2293 rabimus.

201 2333 226 2399 ἶ.
244 2334 283 2394 C.
300 2334 374 2412 734.
419 2331 605 2395 Armeniam
625 2354 698 2396 cum
716 2332 864 2394 exercitu

201 2454 293 2495 essus
317 2453 455 2513 regnum
481 2435 614 2518 Tigrani
637 2435 796 2508 restituit,
826 2454 862 2496 ae

202 2534 358 2596 tribunali
374 2535 519 2598 diadema
540 2537 705 2619 imposuit,
733 2558 774 2597 ex
799 2556 863 2618 quo

201 2638 233 2699 rit
245 2658 407 2698 summum
422 2638 594 2720 imperium
612 2639 733 2719 agitare
745 2638 862 2703 animo.

201 2739 262 2820 epit
277 2737 375 2800 etiam
393 2738 483 2823 signa
501 2743 545 2799 M.
563 2742 679 2804 Crasso
697 2762 715 2801 a
731 2740 862 2803 Parthis

201 2835 330 2924 uptal').

201 2942 223 3004 ἴ.
234 2942 272 3005 C.
290 2941 366 3020 738.
390 2941 543 3017 Praetor,
562 2942 721 3024 simulque
739 2944 773 3003 in
790 2943 864 3005 Gal·

211 3064 285 3106 cum
301 3045 449 3123 Augusto
465 3043 690 3124 proficiscitur.
713 3045 820 3124 (Dio.)

201 3147 224 3206 t'.
243 3146 280 3206 C.
301 3146 375 3223 739.
419 3146 560 3207 Illraetos
579 3168 640 3208 una
665 3167 738 3208 cum
760 3146 861 3208 fratre

201 3268 226 3310 to
244 3245 376 3328 subigit.
400 3247 507 3325 (Dio.)

201 3350 224 3412 i.
240 3349 277 3411 C.
294 3358 368 3423 741.
413 3347 534 3408 Consul
557 3349 685 3434 collega
715 3347 861 3442 Quincti·

201 3451 282 3513 lero.

201 3553 222 3616 ν’.
238 3552 276 3615 C.
295 3561 370 3633 qus.
413 3549 595 3610 Pannonios
614 3551 653 3610 ad
671 3551 862 3634 obsequium

201 3666 267 3728 cat,
298 3665 333 3712 et
357 3665 473 3733 negato
500 3651 663 3733 triumpho
684 3653 862 3715 honoribus

201 3752 371 3838 spiralibus
389 3767 532 3816 ornatur.
557 3754 661 3832 (llio).

201 3858 222 3921 l,
241 3857 278 3916 C.
299 3855 373 3937 743.
403 3855 536 3915 lubetur
556 3857 730 3936 repudiare
752 3858 864 3938 Vipsa-

201 3980 208 4019 t
246 3956 478 4040 Agrippinam,
512 3971 545 4018 et
581 3959 692 4017 lulium
728 3957 865 4038 Augusti

201 4081 239 4136 tt,
264 4073 298 4122 et
316 4062 362 4120 M.
378 4058 545 4140 Agrippae
575 4059 702 4119 viduam
730 4060 864 4121 ducere.

201 4174 288 4224 ustas
311 4182 349 4223 ac
375 4161 559 4222 Pannonios
590 4160 696 4222 denuo
725 4162 863 4224 infestat.

201 4263 232 4344 .)

201 4362 278 4429 EC.
300 4366 376 4444 745.
407 4362 531 4424 Fratris
560 4363 659 4424 Drusi
674 4362 706 4422 in
731 4363 865 4425 Germa·

920 1213 1082 1290 cernitur,
1110 1217 1291 1300 consulque
1318 1220 1439 1295 iterum
1465 1222 1665 1306 designatur.

920 1315 1028 1396 (Dio.)

982 1417 1024 1482 V.
1043 1417 1080 1477 C.
1103 1427 1176 1499 747.
1223 1420 1344 1484 Consul
1371 1425 1409 1483 ll.
1425 1423 1466 1485 de
1492 1421 1664 1489 Germanis

919 1515 1104 1600 triumphat.
1156 1521 1274 1584 Denuo
1303 1524 1344 1586 ad
1373 1525 1498 1587 bellum
1528 1527 1663 1591 Germa·

919 1617 1028 1680 sucum
1052 1619 1128 1683 exit.
1152 1622 1260 1703 (Dio.)

982 1721 1024 1786 ll.
1040 1721 1076 1784 C.
1092 1724 1166 1802 748.
1189 1724 1365 1806 Augustus,
1382 1748 1447 1810 quo
1466 1728 1534 1811 Caji
1553 1744 1585 1790 ct
1597 1732 1664 1792 Lu·

920 1820 962 1881 cii
981 1822 1089 1885 Caess.
1105 1822 1307 1887 insolentiam
1326 1829 1541 1910 reprimeret,
1564 1831 1662 1915 Tibe÷

919 1921 969 1983 rio
1005 1922 1079 1983 trib.
1108 1939 1301 2006 potestatem
1338 1927 1371 1988 iu
1407 1931 1664 2015 quinquennium

923 2023 1052 2086 confert
1076 2028 1117 2106 c).
1158 2028 1309 2090 Rhodum
1339 2033 1466 2094 recedit
1495 2047 1663 2116 praetenta

921 2123 1069 2186 laborum
1098 2129 1232 2211 requie,
1267 2145 1300 2192 et
1331 2133 1512 2195 studiorum
1538 2156 1664 2203 amore.

921 2226 989 2287 Alii
1007 2227 1092 2289 istud
1109 2230 1238 2292 consilii
1256 2245 1384 2315 captum
1410 2235 1516 2297 taedio
1540 2228 1663 2313 uxoris,

921 2328 995 2405 alii,
1018 2351 1061 2392 ne
1087 2353 1243 2413 praeseus
1260 2333 1338 2416 Cajo
1355 2324 1389 2395 et
1403 2336 1507 2398 Lucio
1533 2336 1663 2401 obstare

920 2430 1106 2510 rideretur,
1129 2433 1314 2499 credidere.
1343 2437 1569 2500 Posteriorem
1591 2460 1665 2501 eau-

922 2532 1077 2615 semipes
1098 2536 1202 2596 serius
1220 2535 1387 2598 consessus
1411 2551 1460 2599 est
1482 2536 1526 2620 d).
1555 2541 1664 2613 Vitam

920 2631 952 2691 in
972 2633 1075 2696 insula
1089 2637 1281 2719 popularem
1301 2659 1337 2700 ac
1356 2639 1485 2701 civilem
1504 2641 1589 2722 egit,
1613 2663 1664 2705 se·

920 2735 984 2795 mel
1009 2747 1129 2797 tantum
1156 2737 1230 2799 trib.
1248 2741 1417 2820 potestatis
1440 2738 1513 2820 jure
1538 2741 1664 2804 exerei-

920 2848 972 2912 to‚
995 2836 1081 2918 quod
1099 2838 1217 2898 factum
1234 2853 1341 2900 narrat
1359 2841 1533 2901 Suetonius
1549 2844 1590 2920 ο).

982 2937 1023 3002 V·
1043 2939 1079 2997 C.
1102 2940 1175 3017 753.
1219 2941 1369 3002 Exeunte
1399 2940 1473 3003 trib.
1493 2941 1663 3024 potestatis

922 3035 1141 3121 quinquennio
1163 3039 1304 3101 reditum
1325 3043 1462 3102 Romam
1486 3041 1663 3120 desiderat,

921 3128 979 3205 sed
1010 3142 1083 3225 quia
1114 3142 1294 3205 reluctante
1324 3145 1470 3226 Augusto
1503 3145 1661 3221 discessit,

919 3267 984 3307 non
1000 3247 1161 3327 impetrat.
1184 3243 1332 3305 Substitit
1349 3244 1449 3328 igitur
1463 3247 1572 3308 Rhodi
1588 3270 1663 3330 qua·

920 3347 948 3407 si
971 3350 1098 3429 legatus
1122 3346 1160 3407 ab
1188 3349 1354 3428 Augusto,
1393 3347 1451 3409 sed
1478 3348 1603 3410 abditus
1628 3349 1663 3409 iu

921 3449 1007 3530 agris
1033 3439 1303 3524 mediterrancis,
1322 3461 1356 3507 et
1382 3447 1531 3529 deposito
1554 3452 1662 3532 patrio

921 3547 1032 3610 babitu
1050 3550 1089 3611 ad
1109 3550 1258 3632 pallium,
1281 3562 1314 3609 et
1331 3548 1479 3629 crepidas
1499 3551 1660 3625 redactus,

921 3664 1016 3735 atque
1032 3650 1137 3711 indies
1153 3648 1381 3730 contemptior,
1397 3649 1571 3732 praecipue
1587 3671 1662 3711 cum

922 3753 1016 3832 Cujus
1031 3752 1148 3812 Caesar
1166 3765 1231 3811 tum
1248 3750 1466 3813 iu'Orientem
1483 3750 1661 3830 proiectus,

922 3853 974 3914 cui
987 3851 1069 3933 apud
1082 3852 1209 3912 Samum
1230 3865 1428 3929 occurrerat,
1448 3851 1510 3913 sibi
1525 3853 1662 3916 alienior

923 3967 1009 4014 esset
1028 3966 1214 4035 compertus
1236 3951 1272 4028 s).

989 4057 1025 4119 V.
1044 4056 1080 4119 C.
1106 4057 1180 4134 755.
1226 4054 1306 4116 Post
1327 4055 1473 4117 octennii
1497 4077 1660 4120 secessum

923 4155 1119 4239 deprecante
1147 4157 1263 4247 Liria,
1288 4169 1322 4219 et
1348 4159 1556 4241 permittente
1584 4159 1661 4238 Cajo
1732 4147 1734 4150 ⁵

923 4262 1015 4322 Caes.
1035 4258 1215 4320 restituitur
1233 4258 1371 4341 patriae,
1394 4282 1432 4322 ea
1449 4273 1553 4322 tamen
1574 4259 1660 4341 lege,

922 4384 964 4424 ne
981 4383 1074 4446 quam
1092 4375 1216 4443 partam
1233 4362 1316 4445 reip.
1330 4362 1506 4443 attingeret
1521 4362 1562 4441 t).
1583 4354 1663 4422 Per·

203 4587 317 4665 capt.
382 4587 724 4658 b)Dio,Sucton.c.9.
790 4585 1084 4658 c)Diu‚Suet.c.9.
1147 4582 1431 4655 d)Suet.e.to.tt.
1491 4585 1658 4676 e)cap.tt.

201 4687 240 4738 et.
258 4689 339 4740 ott.
357 4689 399 4741 15.
471 4679 504 4750 g)
523 4677 602 4734 Suet.
619 4696 642 4733 c.
654 4687 695 4739 tlt·
713 4687 754 4738 15.
