4012 5370
726 519 1054 609 AV‘GVSTVS.
1616 560 1662 625 ῃ

201 704 320 767 Caesar
336 699 606 788 sibillispauiam,
623 712 656 764 et
669 700 863 779 Numidiam,
921 701 1053 764 firmata
1069 699 1203 766 Octavia
1221 700 1369 770 caesaris
1385 709 1500 774 sorore
1518 709 1664 776 Antonio

203 806 278 869 uiua
293 805 450 879 Galliam,
470 819 504 867 et
522 802 680 866 Africam
678 801 864 889 designant.
921 801 956 863 in
970 803 1208 867 matrimonium
1223 805 1309 873 data.-

201 908 280 972 .C.
298 908 419 988 713A.
435 909 475 969 X.
492 917 543 982 [μ.
571 908 610 970 L.
627 906 801 982 Antonio,
826 909 864 969 P.
986 905 1028 971 V.
1045 905 1081 969 C.
1101 909 1165 986 715
1187 908 1227 972 A.
1240 909 1279 972 X.
1299 906 1350 991 Sc).
1376 911 1417 975 L.
1434 912 1568 972 Marcio
1589 911 1667 974 Cen·

201 1010 262 1072 ilie
290 1012 398 1071 Vatia
429 999 579 1069 Isaurico
605 1029 671 1070 cos.
706 1010 752 1072 M.
765 1007 868 1069 Anto·
921 1008 1046 1082 serino,
1062 1007 1466 1073 C.CelvisioSabirocos.
1484 1011 1560 1076 Sex.
1570 1011 1668 1074 Pom·

206 1109 244 1171 in
284 1110 397 1171 Asiam
434 1108 475 1171 ad
513 1108 676 1193 cogendas
712 1108 866 1191 pecunias
922 1107 999 1191 pejo
1022 1107 1118 1171 litora
1144 1109 1250 1188 omnia
1282 1112 1392 1174 ltaliae
1416 1111 1607 1188 infestante,
1634 1123 1671 1175 et

201 1225 272 1275 ecto
299 1211 370 1293 ejus
392 1212 495 1274 frater
517 1213 556 1273 L.
579 1209 739 1272 Antonius
757 1210 866 1274 Pietas
925 1205 1096 1275 crescente
1112 1208 1145 1270 in
1162 1210 1243 1273 urbe
1263 1211 1349 1275 same
1365 1213 1525 1276 Antonias
1540 1227 1575 1277 et
1591 1214 1671 1276 Cae·

209 1328 245 1378 et
265 1316 313 1378 M.
330 1312 466 1375 Antonii
495 1333 579 1375 uxor
606 1312 721 1378 Fulvia
748 1315 866 1390 Italos,
924 1331 977 1373 sar
1008 1310 1050 1373 ad
1080 1311 1210 1376 mitiora
1241 1315 1402 1398 compulsi
1431 1314 1564 1379 consilia
1594 1323 1670 1379 cum

204 1436 306 1501 aga-os
333 1437 410 1478 suos
442 1415 603 1479 veteranis
634 1414 756 1479 cedere
788 1415 867 1498 jussi
924 1413 1083 1495 Pompeio
1101 1435 1206 1498 prope
1222 1416 1385 1480 Misenum
1402 1416 1572 1500 congressi
1585 1432 1681 1494 sunt,
1707 1411 1710 1415 ’

201 1516 441 1595 ant,adrersus
459 1519 632 1579 Caesarem
648 1517 865 1579 concitavere.
926 1535 990 1599 quo
1016 1517 1049 1576 in
1075 1516 1240 1600 colloquio
1271 1520 1444 1596 sancitum,
1476 1533 1512 1580 ut
1527 1517 1672 1602 *Pompe-¹

201 1619 379 1694 abellam,
405 1617 525 1681 dictum
542 1618 750 1694 Perusinum,
774 1639 869 1680 exor·
925 1616 976 1698 jus
1015 1618 1187 1695 Achaiam,
1226 1620 1386 1697 Siciliam,
1427 1620 1607 1683 Sardiniam
1637 1619 1673 1682 in
1790 1652 1791 1656 ,

216 1722 391 1784 Caesarem
423 1721 512 1782 inter
543 1734 577 1782 et
602 1723 641 1780 L.
671 1719 867 1796 Antonium,
927 1717 1181 1802 quinquennium
1212 1733 1352 1787 teneret.
1388 1722 1558 1804 Designati
1579 1741 1673 1802 prae·

201 1820 358 1883 liinitum
378 1821 440 1882 fuit
458 1822 521 1883 hoc
539 1822 695 1883 Perusiae
716 1821 869 1901 obsesso,
927 1833 1018 1882 terea
1032 1820 1065 1880 in
1080 1821 1166 1887 Vlll.
1181 1842 1281 1884 annos
1297 1823 1465 1898 consules,
1488 1822 1670 1904 etquidem
1688 1891 1689 1894 Ἴ

201 1922 444 1985 ddeditionem
469 1935 594 1986 coacto.
630 1923 717 1989 Vide
742 1922 783 1985 de
805 1923 870 1984 hoc
927 1922 1673 2002 etcaesarannoVC.7a1esaet·consulll.,

201 2025 424 2108 opraecipue
446 2024 586 2086 monem
608 2023 654 2104 ),
698 2037 732 2086 et
753 2024 873 2108 Appia·
928 2023 990 2103 723
1013 2024 1127 2085 consul
1149 2027 1202 2085 lll.
1226 2027 1255 2107 c)
1288 2025 1420 2087 Caesari
1439 2046 1479 2112 ex
1501 2026 1674 2091 Scribonia

201 2119 272 2205 (A).
914 2115 1072 2186 nascitur
1090 2124 1181 2198 Iulia.

201 2228 237 2292 V.
253 2227 328 2290 C.
308 2234 372 2307 7¹4
397 2228 437 2292 A.
452 2227 493 2287 X.
515 2235 567 2302 4⁰·
601 2226 637 2291 0.
652 2227 872 2289 AsinioPol-
991 2226 1033 2292 V
1051 2228 1087 2294 C.
1100 2227 1230 2307 ·.71()A
1248 2226 1290 2291 X.
1310 2225 1363 2292 38.
1392 2227 1506 2310 Appio
1531 2229 1676 2293 Claudio

201 2349 239 2407 te,
258 2330 315 2392 Cn.
334 2330 488 2391 Domitio
509 2329 647 2390 Calvino
668 2349 733 2389 cos.
775 2324 872 2388 Octa·
928 2324 1087 2406 Pulchro,
1119 2330 1153 2392 0.
1172 2327 1327 2392 Norbano
1354 2329 1476 2392 Flacco
1507 2350 1574 2395 eos.
1604 2332 1675 2392 Pax

201 2449 245 2491 aaa
270 2429 329 2492 sibi
348 2451 366 2491 a
383 2432 429 2492 M.
449 2429 592 2491 Antonio
618 2427 660 2489 ob
684 2428 751 2494 rim
777 2428 872 2490 fratri
930 2428 1134 2490 Caesarem
1125 2431 1211 2492 mter‘
1229 2442 1266 2492 et
1284 2429 1480 2512 Pompejum
1501 2419 1614 2515 rupta,
1640 2445 1675 2495 et

201 2543 249 2592 tan
274 2544 422 2595 metuens
447 2531 523 2592 Sex.
541 2516 736 2614 Pompejum
758 2529 871 2612 Magni
928 2549 1056 2613 pugnae
1089 2531 1269 2595 maritimae
1304 2528 1396 2596 vario
1433 2546 1563 2597 euentu.
1609 2535 1675 2595 Ε’π-

201 2651 238 2692 an
250 2648 321 2695 natu
334 2633 506 2709 minorem,
525 2633 580 2716 qui
595 2632 724 2714 elapsus
741 2652 760 2694 c
777 2652 872 2715 prae·
929 2646 1026 2695 eunte
1053 2631 1117 2698 hoo
1145 2655 1229 2696 anno
1254 2634 1421 2697 Illviratus
1449 2634 1671 2719 quinquennio

216 2733 377 2796 lundensi
404 2747 533 2796 mortuo
564 2734 722 2798 dictatore
750 2734 871 2796 iterum
929 2734 1069 2797 eundem
1087 2733 1148 2796 sibi
1163 2737 1325 2798 honorem
1340 2735 1374 2797 in
1391 2734 1478 2798 aliud
1496 2737 1674 2819 quinquen·

201 2835 285 2910 tersit,
311 2849 344 2898 et
364 2849 549 2919 comparata
571 2838 693 2913 classe,
715 2835 873 2918 receptis·
927 2836 1017 2896 nium
1035 2850 1216 2919 prorogant-
1229 2836 1346 2900 Illviri.
1370 2838 1488 2899 Cacsar
1502 2838 1673 2919 repudiata

201 2934 425 3020 eproacriptis‚
458 2951 491 2999 ct
513 2952 668 3020 occupata
691 2935 802 2999 Sicilia
824 2957 873 2999 aa·
930 2937 1100 3000 Scribonia
1115 2939 1240 3002 Liviam
1261 2935 1349 2998 ducit
1365 2935 1535 2999 abductam
1555 2937 1672 2999 marito

224 3038 334 3101 validus
373 3038 484 3099 ltaliae
524 3058 615 3099 oram
650 3026 798 3115 vexavit,
837 3036 872 3098 in
933 3058 991 3101 suo
1014 3039 1064 3098 Ti.
1087 3038 1222 3110 Claudio
1246 3037 1389 3117 Neroni,
1415 3051 1450 3101 et
1473 3051 1543 3101 tum
1564 3040 1674 3101 Druso
1784 3022 1793 3038 ⁹
1876 3035 1882 3044 ’

201 3150 250 3201 τίω
266 3162 333 3203 suas
343 3138 541 3237 pertrahere
561 3151 694 3221 conatus
713 3153 762 3201 est
779 3138 875 3200 ducta
933 3139 1109 3223 gravidam.

201 3241 268 3300 nin
290 3244 387 3304 linem
415 3238 586 3302 Scribonia
608 3259 724 3302 sorore
745 3238 876 3302 Scribo·
994 3243 1036 3309 V.
1058 3243 1094 3306 C.
1115 3262 1178 3325 71³7
1208 3241 1248 3305 A.
1268 3241 1310 3308 X.
1336 3241 1388 3323 37.
1428 3242 1480 3309 M.
1504 3243 1676 3325 Agrippa,

201 3339 357 3419 tattonis,
393 3340 559 3424 patrisque
586 3340 719 3402 alterius
745 3341 876 3404 Scribo·
933 3342 973 3405 L.
997 3342 1138 3406 Caninio
1164 3336 1265 3405 Gallo
1288 3365 1355 3428 eos.
1391 3342 1503 3425 Magni
1529 3343 1676 3406 (lacrmis

201 3458 222 3501 te
254 3444 322 3506 Sex.
359 3443 519 3525 Pompeio
561 3440 595 3501 in
635 3441 875 3505 matrimonium
933 3444 973 3507 ad
989 3445 1115 3508 bellum
1137 3456 1249 3507 contra
1272 3442 1348 3508 Ser.
1364 3446 1558 3528 Pompejum
1580 3466 1676 3527 appa·

201 3540 319 3609 unaue.
360 3546 420 3607 Ast
457 3544 586 3607 irritum
622 3543 742 3608 cecidit
778 3542 899 3606 artifi-.
932 3559 1021 3607 ratus
1035 3545 1180 3629 Agrippa
1195 3567 1338 3609 summae
1354 3547 1405 3608 rei
1417 3546 1595 3629 praelecto.
1612 3546 1677 3607 Ro-

201 3664 241 3712 m.
272 3649 398 3712 Revera
418 3648 465 3710 M.
484 3634 643 3707 Antonius
659 3667 701 3707 ex
722 3647 874 3730 Aegypto
933 3667 1005 3710 mae
1028 3649 1188 3731 Pompeje
1212 3644 1431 3724 sacerdotium
1457 3647 1676 3730 designatum,

205 3747 305 3812 Mum
320 3751 473 3833 appulsus
490 3747 708 3810 Brundusium
729 3769 791 3830 per
810 3746 876 3810 rim
933 3762 967 3833 et
1010 3750 1194 3812 consulatus
1239 3748 1426 3833 designatus
1469 3746 1675 3831 abrogentur.

201 3847 246 3928 pit,
275 3873 346 3915 cum
383 3863 511 3912 mortua
549 3849 726 3931 improviso
759 3850 875 3912 Fulvia
932 3851 1030 3933 (Dio,
1051 3850 1246 3934 Appianas.)
1403 3906 1406 3916 .

201 3949 241 4014 irs
256 3948 331 4016 belli
357 3952 429 4016 lace
453 3953 487 4011 in
509 3950 717 4013 concordiam
734 3957 873 4035 uterque
994 3954 1036 4021 V.
1050 3948 1091 4014 'C.
1109 3953 1172 4033 718
1192 3955 1231 4017 A.
1248 3952 1286 4016 X.
1304 3948 1359 4015 361
1378 3951 1418 4015 L.
1440 3949 1550 4014 Gellio
1568 3949 1679 4030 Popili·

201 4046 241 4113 tut
266 4073 301 4117 ea
328 4053 423 4137 lege,
455 4066 491 4115 ut
516 4050 637 4114 Oriens
660 4056 705 4113 M.
729 4053 873 4117 Antonio
932 4055 1024 4130 cola,
1043 4057 1095 4117 M.
1116 4055 1252 4117 Cocceio
1270 4052 1381 4116 Nerva
1397 4073 1462 4114 cos.
1486 4040 1563 4117 Sex.
1580 4053 1678 4114 Pom·

201 4150 286 4232 ierat,
337 4154 468 4239 Lepido
513 4154 639 4230 Africa,
694 4154 874 4219 Octaviano
933 4155 1026 4237 pejus
1052 4165 1126 4237 post
1152 4154 1257 4218 varias
1289 4152 1379 4218 vices
1411 4151 1541 4214 demum
1572 4152 1679 4215 navali

201 4250 262 4332 ilia,
296 4257 469 4340 Hispania,
504 4256 677 4331 Dalmatia,
709 4255 875 4333 Sardinia,
934 4255 1060 4338 praelio
1087 4255 1188 4318 rictus
1211 4256 1244 4316 in
1266 4254 1376 4316 Asiam
1396 4253 1551 4338 profugit.
1584 4256 1680 4317 Com·

201 4355 307 4437 palie
330 4359 456 4419 bellum
475 4358 550 4422 Sex.
567 4360 746 4441 Pompeio,
776 4358 878 4422 Anto·
935 4357 1030 4419 missa
1048 4378 1155 4441 pugna
1171 4358 1226 4420 lll.
1245 4376 1310 4416 non
1329 4356 1420 4438 Sept.
1440 4355 1578 4418 docente
1593 4356 1680 4420 istud

201 4476 225 4517 ar
253 4458 376 4522 Parthis
409 4458 544 4524 laceret.
593 4462 641 4523 Ea
675 4481 737 4543 pax
774 4460 877 4542 magis
934 4457 1131 4521 Ralendario
1148 4456 1372 4521 Amiternino:
1391 4457 1488 4518 FER.
1502 4458 1573 4525 ET.
1585 4459 1682 4527 SVP-

202 4664 546 4739 rumunnense,
635 4624 763 4736 nani
783 4664 938 4723 annu.
1019 4666 1050 4735 ο)
1070 4660 1321 4723 nonatum.
1340 4663 1412 4734 §.ss
1431 4660 1685 4737 etiannum·
1738 4624 1742 4632 ⁵

201 4753 314 4826 tpianB.
331 4757 366 4812 C.
379 4755 411 4810 1..
425 4754 460 4812 V.
478 4766 557 4816 cto·
1022 4809 1024 4812 .
1407 4800 1409 4804 v
