4012 5370
644 428 1042 510 DOllllTlANVS.

227 1203 387 1284 Argentei
407 1224 490 1266 max.
510 1203 635 1268 soranae
653 1227 749 1291 supra
768 1210 855 1274 citati
928 1246 941 1260 ·
1024 1244 1037 1258 ·
1120 1244 1133 1257 ·
1216 1241 1230 1258 ·

226 1304 332 1366 Aenei
353 1306 376 1365 l.
394 1303 518 1366 formae

229 1405 333 1466 senei
355 1408 394 1467 ll.
418 1405 543 1467 formae

225 1507 276 1569 De
296 1507 401 1570 numia
418 1507 587 1570 commatis
606 1511 775 1593 peregrini
793 1513 947 1578 continuo
967 1525 1085 1578 actum.

642 1768 1037 1858 numnam

201 1992 204 2026 t
234 1981 283 2029 est
313 1985 353 2027 ex
380 1969 580 2052 Vespasiano
606 1985 639 2033 et
663 1972 714 2038 Fl.
742 1975 808 2036 Do·
864 1973 957 2036 tellio
973 1990 1169 2055 progressus
1186 1989 1205 2034 e
1220 1969 1356 2035 latebris
1370 1970 1609 2037 Domitianusa

200 2071 255 2133 lX.
278 2069 348 2130 llal.
368 2071 450 2136 Nor.
474 2086 567 2154 patre
592 2075 726 2138 consule
753 2074 808 2138 de·
864 2075 1019 2136 militibus
1035 2075 1154 2136 Caesar
1168 2072 1443 2154 consalutatus-⁰).
1465 2074 1607 2137 Militum

201 2217 206 2246 ,
245 2172 431 2253 inituroque
465 2194 578 2235 mense
614 2175 805 2259 insequente
862 2175 1019 2258 judicium
1051 2173 1223 2236 confirmat
1250 2187 1397 2250 senatus,
1430 2175 1485 2260 qui
1517 2198 1610 2258 prae·

201 2295 240 2349 n,
263 2287 299 2334 ut
316 2271 451 2335 testatur
470 2275 645 2338 Suetonius
666 2281 704 2357 ⁸).
731 2277 807 2338 Fuit
862 2291 955 2340 terea
967 2275 1154 2337 Domitiano
1179 2289 1365 2358 praeturam
1382 2274 1555 2353 urbanam,
1576 2291 1610 2340 et

201 2398 261 2436 uus
281 2375 473 2458 Vespasiani
496 2377 680 2438 consulatus
703 2376 808 2440 adhuc
866 2378 1038 2440 consulare
1053 2377 1227 2458 imperium
1247 2375 1396 2440 decernit
1411 2376 1455 2459 d).

240 2478 331 2560 isque
367 2477 540 2552 suffectus,
577 2500 674 2561 quem
707 2479 809 2561 gessit
908 2479 986 2540 Dixi
1006 2479 1040 2540 iu
1062 2478 1169 2540 uumis
1190 2478 1398 2562 Vespasiani,
1426 2491 1462 2542 ct
1479 2479 1545 2542 Titi
1569 2478 1610 2542 ad

201 2581 382 2655 rembrcm,
408 2595 441 2642 et
464 2582 685 2643 Decembrem
708 2584 748 2648 V.
773 2583 807 2643 C.
867 2595 1074 2666 praesentem
1091 2601 1208 2642 annum
1225 2581 1266 2648 V.
1287 2581 1324 2644 C.
1341 2582 1420 2656 ttae,
1448 2581 1610 2665 possead

201 2681 278 2758 ide,
311 2702 392 2763 quae
423 2683 517 2743 altius
546 2683 579 2741 in
609 2684 808 2764 Vespasiano
867 2683 953 2745 bunc
981 2703 1099 2743 anuum
1127 2680 1249 2744 referri
1271 2701 1387 2743 numos
1407 2701 1545 2758 aureos,
1576 2697 1610 2745 et

201 2783 245 2844 rlo
277 2786 400 2845 Consul
426 2783 575 2845 diximus.
608 2785 689 2845 Cum
716 2798 810 2867 pater
866 2795 1060 2871 argenteos,
1084 2783 1118 2844 in
1140 2801 1278 2866 quorum
1297 2787 1418 2846 'aversa
1444 2784 1532 2863 (uam
1556 2804 1611 2844 an·

201 2887 254 2946 lua
288 2884 328 2944 ab
362 2885 506 2946 externis
537 2885 722 2966 legionibus
751 2888 810 2949 im·
866 2886 961 2946 ticam
987 2882 1202 2966 Vespasianus
1225 2894 1318 2964 pater
1340 2895 1490 2965 occupat)
1520 2883 1610 2945 eslii-

217 3006 277 3067 pro
302 2987 437 3050 Vitellio
469 3000 556 3048 esset
585 2989 807 3064 renunciatus,
866 2986 985 3048 beatur
1004 2986 1117 3061 Titus,
1144 2997 1179 3046 et
1200 2983 1405 3045 Domitianus
1428 2984 1518 3046 vario
1542 2985 1609 3047 cul·

201 3108 284 3148 >mae
314 3089 448 3149 relictus
476 3112 493 3149 a
522 3088 704 3152 Vitellianis
734 3110 808 3151 cum
866 3102 917 3165 tu,
947 3101 980 3150 et
1002 3086 1236 3170 inscriptione:
1274 3086 1415 3151 TITVS.
1438 3086 1508 3151 ΕΤ.
1531 3084 1609 3149 DO-

201 3188 318 3250 Sabino
339 3204 479 3251 excunte
496 3190 675 3252 Decembri
698 3191 807 3253 obses·
866 3191 1033 3284 ttlTlAN.
1056 3187 1294 3252 CAESARES.
1317 3188 1433 3254 Pltlct.
1459 3189 1608 3254 lVVEN.

204 3290 236 3350 in
254 3292 431 3373 Capitolio,
455 3291 582 3374 hocque
604 3293 738 3356 incenso
756 3314 808 3356 ae·
867 3291 938 3356 vel:
962 3292 1122 3355 LIBERI.
1144 3291 1232 3352 lMP.
1256 3289 1357 3358 AVG.
1376 3303 1438 3353 etc.
1456 3310 1538 3374 quos
1556 3289 1611 3355 de·

201 3391 227 3451 al
246 3394 409 3454 aedituum
433 3394 611 3455 occultatus
630 3394 676 3454 ibi
690 3417 808 3476 perno·
866 3391 1006 3475 scriptos
1022 3392 1098 3457 ride
1117 3393 1150 3453 in
1166 3391 1272 3454 numia
1288 3391 1480 3475 Vespasiani
1498 3390 1539 3453 ad
1556 3413 1610 3454 an·

203 3508 269 3556 tum
288 3495 723 3560 manufactolineoansictu
744 3509 806 3558 tur·
865 3515 925 3557 nos
949 3497 989 3563 V.
1014 3493 1052 3558 C.
1074 3496 1135 3555 llas
1156 3494 1284 3557 etdad.
1317 3486 1416 3586 Quod
1440 3492 1468 3553 si
1490 3491 1609 3555 horum

201 3597 393 3659 oricularum
429 3598 604 3659 Isiacorum
643 3599 807 3660 immixtus
866 3597 1053 3679 complures
1076 3613 1193 3656 revera
1214 3592 1288 3655 anui
1311 3593 1494 3676 praesentis
1509 3606 1608 3669 sunt,

201 3720 295 3783 isque
327 3701 429 3764 erasit
458 3700 603 3783 quaesito
630 3699 708 3763 alibi
740 3700 809 3763 lati·
865 3718 1002 3761 necesse
1017 3709 1077 3771 est,
1092 3715 1150 3756 eos
1163 3714 1229 3756 non
1243 3693 1276 3757 in
1291 3695 1374 3758 urbe
1388 3693 1489 3758 fuisse
1504 3695 1608 3778 signu·

864 3814 936 3876 toa,
967 3796 1117 3882 quoniam
1144 3811 1282 3882 uterque
1310 3796 1438 3860 nonnisi
1465 3810 1607 3860 exeunte

865 3897 1060 3977 Decembri,
1091 3919 1187 3962 caeso
1219 3919 1339 3983 nempe
1356 3897 1512 3983 Vitellio,
1542 3900 1608 3961 llo·

257 3971 296 4029 V·
319 3969 354 4031 C·
371 3970 431 4030 3²2
455 3973 488 4031 p·
505 3969 549 4031 X·
568 3971 617 4049 ⁶9·
866 4023 938 4065 mue
961 4002 1080 4063 Caesar
1108 4014 1159 4063 est
1186 4000 1325 4086 agnitus.
1369 4001 1413 4062 At
1435 3998 1531 4064 feriri
1550 3996 1608 4082 po-

201 4070 273 4130 AB.
295 4069 440 4131 PRINC.
460 4070 647 4135 IVVENT.
671 4071 810 4133 PRAE·
866 4116 973 4166 ,erant
1002 4101 1214 4185 Antiochiae,
1245 4124 1319 4166 nana
1345 4101 1514 4186 legiones,
1540 4121 1607 4183 quo

298 4172 397 4234 ΥΟΕ·
420 4171 577 4232 DESIG·
867 4220 1016 4288 tempore
1035 4203 1267 4287 Vespasianum
1291 4223 1386 4267 ausae
1409 4215 1484 4265 suut
1505 4201 1607 4285 impe·

201 4307 364 4370 »circiter
381 4306 434 4370 die
454 4309 522 4371 XX.
539 4308 733 4370 Decembris
758 4308 809 4372 Vi·
868 4321 1010 4371 ratocem
1032 4307 1255 4392 proclamare,
1283 4325 1351 4369 non
1371 4303 1606 4382 dubitaverint,

201 4568 380 4626 uomicas.
491 4569 525 4638 b)
544 4567 636 4622 Tacit.
657 4567 729 4622 llist.
747 4566 796 4623 III.
813 4573 857 4629 74.
878 4566 1039 4625 Suebcl.
1148 4563 1378 4637 e)Taeitllist.
1393 4565 1605 4657 meusim.

243 4657 277 4729 d)
295 4658 389 4715 Tacit.
407 4656 480 4713 llisl.
497 4659 545 4715 lv.
562 4669 586 4720 3.
609 4655 680 4712 Suet
692 4675 716 4713 c.
734 4672 757 4715 1.
