4012 5370
790 380 1209 455 VESPASI'ANVS.

222 551 354 615 PONT.
380 547 484 611 Mtte
512 548 581 607 ΤΒ.
602 547 638 609 Ρ.
656 545 756 609 008.
781 550 850 612 Vll.
870 551 907 613 P.
927 551 965 612 P.

223 656 386 717 Columna
406 663 570 725 rostrato,
599 652 655 708 cui
677 651 809 710 insistit
832 653 968 710 sirnuln·

219 777 311 815 crum
328 756 451 814 nudum
470 754 580 831 capite
600 751 749 824 radiato,
777 753 808 812 d.
826 753 967 825 hastam,

218 858 349 931 squiri
382 859 490 914 instar
515 855 693 934 paretonii
729 867 851 914 tenens.
894 851 966 917 AV.

219 955 397 1037 (Marcili.)

284 1058 393 1137 Typus
422 1054 475 1116 hic
502 1055 535 1114 in
563 1053 768 1137 sequentium
795 1054 966 1116 etiamen-

221 1179 339 1221 nornm
367 1155 488 1229 numia,
521 1168 587 1215 tum
611 1168 645 1217 et
675 1157 816 1217 liliorum
840 1157 965 1216 visitur.

223 1260 341 1320 Adhuc
360 1258 510 1319 idoneum
532 1257 746 1338 interpretem
770 1272 881 1318 nactus
900 1278 965 1319 nou

223 1376 291 1429 est,
314 1379 419 1442 neque
441 1379 504 1440 ego
528 1359 720 1439 promittere
743 1359 859 1433 ausim,
890 1378 966 1420 con·

220 1465 369 1545 jecturae
400 1481 509 1535 meae,
542 1481 635 1542 quam
666 1480 742 1521 mox
770 1458 964 1539 producam,

220 1566 339 1644 justum
379 1560 504 1645 pondus
542 1560 660 1623 inesse.
723 1563 965 1643 Harercampus

220 1678 350 1741 censet,
380 1662 528 1725 exhiheri
550 1675 696 1723 veterem
717 1663 899 1723 columnam
914 1683 965 1724 ro-

222 1781 369 1840 stratam,
412 1747 496 1847 'quae
533 1762 567 1823 in
597 1763 774 1828 Vitelliano
813 1764 964 1826 incendio

221 1870 377 1952 perierit,
396 1865 541 1926 restituta
560 1863 695 1924 subinde
715 1888 731 1926 a
747 1867 964 1947 Vespasiano,

222 1972 317 2051 hujus
340 1989 418 2029 scio
438 1966 644 2047 imperatoris
671 1986 742 2026 esse
765 1981 897 2029 statuam
917 1969 964 2027 illi

222 2072 415 2155 impositam.
472 2067 685 2128 Eruditcrum
729 2068 848 2148 judicio
892 2090 965 2152 per·

221 2176 330 2248 mitto,
368 2194 407 2233 an
428 2193 492 2232 uon
516 2170 592 2242 alia,
622 2169 808 2252 certiorque
833 2171 896 2233 hoc
920 2185 965 2254 ty·

222 2295 265 2356 po
296 2287 396 2337 statua
433 2269 645 2352 intelligenda
674 2270 730 2343 sit,
762 2292 800 2332 ca
831 2293 965 2355 nempe,

223 2376 265 2439 de
296 2397 376 2459 qua,
423 2388 571 2458 tanquam
610 2371 651 2433 de
681 2372 758 2432 artis
789 2372 965 2448 miraculo,

223 2477 354 2560 copiosa
390 2476 546 2537 habemus
585 2488 733 2536 veterum
763 2475 965 2550 testimonia,

223 2594 256 2642 et
286 2598 368 2661 quac
394 2578 460 2658 ipsa
485 2575 675 2658 Vespasiani
705 2595 834 2658 quoque
865 2576 966 2656 impe·

224 2679 309 2741 rium
343 2678 533 2740 nobilitavit.
582 2679 702 2737 Ereeta
733 2676 794 2735 luit
824 2678 965 2738 Neronis

224 2782 332 2862 jussu,
355 2780 514 2860 hujusque
530 2778 663 2860 insignis
682 2778 838 2858 imagine,
856 2779 965 2860 operis

222 2884 403 2945 architecto
422 2879 612 2951 Zenodoro,
639 2879 701 2939 alta
727 2878 828 2955 pedes
854 2880 908 2939 CX
924 2880 964 2958 ¹),

225 2984 384 3046 Suetonio
404 2981 506 3063 pedes
533 2981 620 3042 CXX
634 2977 683 3056 ¹¹),
706 2980 744 3041 Ρ.
758 2979 884 3044 Victori
894 2979 965 3042 (Ill.

214 3088 322 3170 ,semis
347 3089 395 3161 ⁰),
427 3083 569 3144 Eusebio
600 3081 754 3142 cxxvtt.
778 3078 830 3158 d),
866 3079 966 3141 Dioni

222 3190 310 3268 (2²).
348 3187 434 3248 Divo
465 3185 667 3263 Hieronymo
688 3183 774 3247 CVll
789 3180 830 3260 4)
870 3183 966 3244 Dam-

223 3290 305 3351 natis
320 3289 460 3349 Neronis
478 3285 655 3347 sceleribus
672 3304 746 3345 cum
765 3304 835 3345 eam
850 3283 965 3346 vitium

221 3413 346 3474 passum
376 3388 585 3450 reficiendam
615 3385 829 3466 Vespasianus
858 3405 965 3446 curas·

222 3505 290 3564 set,
313 3491 445 3573 dempto
469 3488 544 3550 inde
568 3486 637 3568 ejus
666 3486 819 3567 principis
842 3487 964 3568 capite,

221 3592 373 3675 Solisque
406 3591 558 3670 imposito
591 3589 695 3669 capite
724 3583 794 3648 Soli
820 3607 890 3648 cam
919 3587 964 3647 di·

222 3692 306 3754 cerit
329 3696 371 3768 s),
414 3692 572 3754 Habuisse
603 3689 688 3750 hunc
726 3688 888 3752 colossum
915 3710 965 3749 ra·

221 3792 292 3855 dios
316 3795 406 3868 Vll.,
437 3808 594 3854 testantur
613 3792 849 3870 Hieronymus,
880 3804 912 3851 et
928 3790 964 3853 P.

221 3897 337 3959 Victor
359 3894 407 3975 ¹¹),
432 3895 613 3978 etquidem
632 3893 795 3972 posterior
821 3890 964 3971 singulos

221 3997 322 4059 inisse
341 3997 461 4077 pedum
481 3998 580 4058 xxti.
600 3994 715 4068 semis,
749 4013 813 4075 quo
834 3992 875 4055 de
891 4012 965 4074 pro·

223 4098 311 4182 digie
328 4099 485 4160 Martialis
507 4099 545 4178 ii:

282 4201 354 4263 d'ec
370 4216 401 4261 tc
414 4204 560 4262 detineat
580 4201 657 4258 miri
673 4199 806 4256 radiata
828 4196 964 4269 colossi,

1701 419 1773 485 555

1132 550 1227 633 Quae
1244 551 1414 617 tttodtam
1433 560 1535 620 moles
1547 564 1678 626 vincere
1687 586 1772 648 gou-

1518 662 1573 720 det
1589 683 1680 742 opus.

1023 752 1090 812 lem
1117 771 1199 813 vero
1225 766 1258 815 et
1279 754 1435 819 radiatum
1464 775 1558 842 caput
1577 777 1652 840 est,
1680 768 1768 850 quod

1001 852 1056 931 ¹in
1073 853 1187 913 nemis
1210 854 1260 916 his
1285 857 1490 920 simulacrum
1517 860 1625 927 offert.
1664 867 1770 950 Egre-

1024 952 1077 1035 gie
1097 954 1192 1016 etiam
1217 959 1396 1041 'respondet
1418 974 1546 1042 tempus
1558 985 1568 1042 3
1588 985 1667 1026 ‘uam
1684 987 1769 1030 anno

1023 1054 1156 1116 demum
1179 1057 1220 1122 V.
1249 1060 1284 1121 C.
1307 1062 1385 1142 deq,
1423 1080 1486 1121 non
1512 1078 1621 1138 antea,
1656 1065 1709 1128 hic
1734 1070 1767 1129 iu

1022 1158 1127 1216 numis
1156 1171 1248 1240 typus
1274 1160 1528 1242 conspicuus‘lit.
1574 1166 1616 1226 At
1641 1183 1767 1234 constat

1024 1276 1064 1318 ex
1093 1259 1199 1333 Dione
1217 1257 1265 1340 1ί),
1302 1261 1465 1323 colossum
1493 1263 1578 1326 hunc
1604 1267 1766 1350 insignem

1021 1379 1107 1420 anno
1139 1362 1176 1424 V.
1201 1363 1236 1423 C.
1261 1364 1324 1423 828
1351 1362 1384 1421 in
1412 1364 1463 1424 sia
1492 1384 1582 1427 sacra
1608 1367 1768 1447 locatum,

1023 1479 1119 1541 quem
1147 1460 1247 1536 adeo,
1285 1476 1319 1523 ut
1348 1466 1432 1524 tanti
1465 1466 1639 1528 moliminis
1668 1492 1767 1553 opus,

1022 1574 1118 1643 atque
1141 1562 1174 1620 in
1196 1565 1301 1624 solem
1323 1563 1442 1646 religio
1465 1569 1668 1647 merebatur,
1699 1573 1766 1655 pla·

1023 1662 1089 1722 cuit
1111 1683 1283 1725 numerum
1306 1664 1401 1726 etiam
1412 1666 1611 1732 celebritate
1632 1670 1766 1737 efferre.

1023 1764 1147 1829 Verum
1169 1787 1249 1847 quae
1266 1787 1306 1827 ex
1323 1767 1411 1826 numi
1431 1768 1571 1851 imagine
1598 1791 1661 1833 non
1684 1772 1766 1834 levis

1023 1867 1186 1926 enascitur
1220 1867 1410 1941 dillieultas,
1450 1885 1513 1942 cst,
1544 1871 1631 1953 quod
1661 1887 1766 1936 tantae

1023 1965 1217 2040 altitudinis,
1250 1969 1468 2052 ponderisque
1497 1974 1642 2034 colossus
1666 1974 1767 2057 inrpo·
1825 2030 1835 2043 ,

1023 2066 1102 2127 situs
1122 2082 1171 2128 est.
1185 2070 1372 2146 columnae,
1398 2093 1483 2148 non,
1509 2073 1594 2154 quod
1612 2075 1672 2136 hae
1694 2095 1767 2136 cau»

1024 2188 1077 2229 sac
1095 2171 1258 2250 postulare
1282 2170 1449 2246 ridentur,
1480 2173 1566 2246 basi,
1589 2186 1657 2234 tum
1680 2174 1767 2258 qued
1854 2211 1868 2226 ι

1023 2289 1061 2330 ea
1088 2271 1215 2333 narium
1247 2272 1363 2333 rostris
1404 2274 1593 2350 decoratur,
1630 2296 1768 2358 quorum

1023 2391 1099 2433 sane
1124 2373 1207 2434 ratio
1238 2372 1423 2453 ignoratur,
1454 2378 1767 2461 nequcmeminere

1024 2473 1057 2532 in
1096 2474 1216 2535 colossi
1257 2474 1477 2558 descriptione
1515 2491 1659 2542 veteres.
1702 2480 1769 2547 Ve-

1023 2594 1117 2649 reor,
1141 2595 1184 2645 ne
1212 2589 1347 2659 utraque
1375 2578 1455 2639 haec
1475 2578 1641 2660 peristasis
1660 2579 1769 2660 conje-

1024 2687 1135 2736 cturae
1158 2696 1249 2737 meae
1269 2677 1420 2739 damnosa
1440 2678 1489 2738 sit.
1522 2679 1566 2738 Et
1586 2693 1768 2742 rostrorum

1024 2774 1154 2858 quidem
1176 2776 1653 2861 explicatum=ignoramus,'‘ut
1676 2781 1769 2862 igno·

1023 2897 1130 2938 ramus
1155 2877 1310 2960 pleraque
1338 2879 1431 2959 hujus
1469 2880 1581 2942 aetatis
1605 2880 1688 2941 lacta
1714 2878 1770 2941 de·

1023 2976 1160 3060 perditis
1181 2978 1286 3040 Taciti
1303 2994 1338 3042 et
1352 2980 1471 3041 Diouis
1488 2980 1661 3063 operibus,
1684 3001 1767 3063 quae

1023 3080 1190 3162 magnoin
1214 3081 1413 3164 explicandis
1440 3082 1586 3164 priorum
1609 3102 1766 3144 annorum

1022 3182 1127 3241 nuruis
1151 3180 1244 3243 luere
1268 3182 1427 3258 subsidio,
1457 3198 1490 3246 et
1512 3184 1599 3246 sorte
1621 3204 1686 3246 uon
1708 3185 1767 3245 im·

1022 3281 1200 3363 probabilis
1225 3285 1432 3364 conjectura,
1469 3285 1568 3366 petita
1602 3305 1643 3346 ex
1675 3285 1765 3348 felici

1023 3383 1212 3467 Vespasiani
1228 3383 1266 3445 ab
1287 3384 1425 3446 Oriente
1441 3387 1558 3460 reditu,
1577 3386 1667 3465 cujus
1683 3408 1766 3467 sym-

1021 3484 1133 3546 bolum
1156 3485 1204 3546 sol
1224 3498 1288 3558 est,
1307 3484 1430 3546 adferri
1447 3500 1576 3568 posset,
1596 3487 1622 3546 si
1635 3485 1765 3547 luberet

1022 3585 1194 3646 inhaerere
1220 3585 1428 3663 conjecturis.
1480 3585 1532 3645 Ad
1560 3584 1651 3647 idem
1680 3585 1766 3649 sorte

1022 3694 1245 3768 argumentum
1265 3678 1434 3746 referendi
1453 3701 1525 3748 sunt
1543 3688 1632 3748 numi
1650 3708 1766 3770 argen-

1023 3789 1067 3849 tei
1086 3787 1118 3847 in
1138 3785 1305 3848 consulatu
1323 3787 1512 3870 Vespasiani
1532 3776 1619 3855 Vlll.
1637 3772 1764 3870 signati,

1022 3889 1053 3950 in
1093 3907 1230 3971 quorum
1272 3909 1385 3950 averse
1414 3910 1513 3973 prora
1543 3890 1632 3952 naris
1662 3889 1765 3950 immi-

1021 4002 1120 4053 nente
1139 3989 1281 4071 desuper
1301 4003 1388 4051 astro
1406 3992 1502 4065 solis,
1539 3991 1573 4051 iu
1593 3989 1707 4074 quibus
1725 3990 1762 4049 il·

1021 4090 1078 4152 lud
1108 4105 1226 4152 astrum
1256 4091 1329 4155 vice
1366 4093 1485 4155 colossi
1516 4091 1585 4152 Soli
1611 4089 1762 4165 dedicati,

1022 4206 1056 4255 et
1071 4192 1163 4255 naris
1181 4192 1251 4256 rice
1277 4194 1446 4256 columnae
1461 4205 1617 4254 rostratae
1639 4193 1762 4272 positae

258 4423 667 4494 ·)rtia.t„xx.tttv.§.1a.
743 4418 777 4485 b]
799 4419 827 4470 in
845 4415 961 4473 Nerone
980 4429 1059 4479 est.
1134 4413 1427 4488 edinRegiouelV.
1503 4411 1537 4483 d)
1557 4413 1586 4466 in
1607 4411 1765 4471 Chronico.

225 4514 481 4583 e)l..LVl.§.tf‚.
556 4509 873 4570 s›inllabacut.c.3.
950 4502 1363 4580 g'l‘lin.llieronym.ll.cc.
1437 4501 1472 4572 h)
1492 4499 1521 4556 ll.
1540 4519 1584 4559 cc.
1660 4502 1684 4573 i)
1704 4496 1770 4562 L.t.
1833 4542 1836 4552 n

227 4606 313 4676 epigr.
329 4617 371 4662 7t.
450 4605 480 4662 i]
504 4605 518 4657 Ι.
531 4624 553 4657 r.

1676 4602 1691 4637 Ι
