3998 5340
748 504 1229 616 enarrarre
1747 533 1787 593 n

216 694 350 793 multa
370 694 430 777 illi
455 682 578 781 antea
605 698 723 783 fuere
744 701 1021 812 providenda,
1050 707 1190 817 magni
1212 704 1391 787 faciendi
1418 720 1659 817 apparatus,
1689 710 1780 820 qui-

193 836 298 951 -hus
326 829 486 918 omissis
508 834 620 918 curis
648 847 813 923 tantum
841 841 1001 949 abfuit,
1024 854 1073 926 ut
1106 870 1207 926 sana
1242 842 1464 925 eruditioni
1487 843 1706 954 alimenta,
1739 861 1782 932 et

216 972 263 1061 in
281 971 588 1081 incrementum
606 977 822 1089 profutura
840 990 1027 1090 pararet,
1054 992 1105 1063 ut
1125 981 1279 1088 etiam,
1297 1006 1396 1062 cum
1423 993 1537 1063 recte
1562 979 1651 1093 ipsa
1668 982 1782 1067 vale-

217 1099 304 1220 ret,
332 1111 576 1202 morborum
595 1140 772 1202 examen
789 1113 1028 1223 induceret,
1055 1129 1119 1225 et,
1149 1117 1183 1200 si
1203 1116 1291 1229 opis
1309 1115 1534 1229 indigeret,
1565 1120 1780 1206 contrariis

217 1246 412 1335 remediis
432 1247 620 1354 ,salutern
644 1250 837 1336 redderet
863 1251 1180 1364 impeditiorem.
1209 1255 1437 1365 Oportebat
1456 1254 1665 1379 primqm,
1695 1250 1781 1340 non

218 1388 403 1500 recipere
421 1385 465 1470 in
485 1386 734 1500 catalogum,
760 1388 839 1473 nisi
855 1416 1017 1500 numos,
1041 1418 1222 1502 quorum
1242 1389 1533 1503 antiquitatem
1546 1419 1786 1505 verumque·

219 1533 373 1627 statum
393 1535 466 1608 aut
485 1523 756 1637 adprobasset
769 1527 885 1640 ipse,
900 1541 973 1612 aut
990 1529 1154 1613 nonnisi
1170 1557 1194 1611 a
1215 1528 1313 1612 viris
1329 1528 1374 1610 in
1389 1541 1480 1612 arte
1499 1542 1639 1613 nostra
1660 1557 1781 1641 prae-

218 1660 476 1749 santissimis
487 1660 758 1775 adprobatam
773 1665 966 1750 novisset.
996 1665 1124 1777 Atqui
1138 1665 1345 1749 inhorum
1361 1692 1541 1778 numero
1553 1667 1780 1751 non-fuisse

219 1797 435 1887 Oeconem
461 1827 606 1907 suum,
641 1800 871 1914 intelligere
896 1802 985 1912 ipse
1007 1803 1130 1885 facile
1154 1803 1304 1913 potuit.
1341 1801 1394 1884 Vt
1420 1802 1536 1884 enim
1560 1803 1605 1884 in
1633 1805 1780 1914 quavis

219 1949 308 2022 arte
327 1933 462 2050 prima
481 1937 762 2051 experimenta
788 1938 948 2022 fallacia
966 1952 1076 2047 sunt,
1100 1940 1158 2024 ita
1173 1968 1260 2022 non
1275 1950 1450 2051 possunt
1468 1938 1646 2022 Oeconis
1666 1967 1789 2022 com-
1909 1991 1913 1998 -

219 2072 437 2182 mentarii,
464 2074 537 2188 qui
559 2073 672 2158 aliud
691 2106 776 2161 non
788 2089 910 2186 stant,
937 2077 1016 2161 nisi
1039 2077 1222 2189 primum
1240 2077 1338 2161 artis
1362 2089 1528 2160 nostrae
1547 2089 1790 2186 tentamen,

218 2211 344 2299 variis
361 2209 494 2298 modis
512 2243 598 2297 non
615 2216 872 2326 frequenter,
882 2215 1143 2328 graviterque
1160 2241 1347 2328 peccare,
1375 2243 1477 2326 quos
1498 2216 1649 2298 sicum
1669 2227 1790 2326 aeta-
1890 2258 1898 2272 =

216 2347 271 2435 tis
292 2374 395 2434 suae
422 2350 568 2470 opibus
591 2351 841 2437 contendere
857 2351 1066 2461 libuisset,
1096 2353 1314 2465 reperisset
1335 2346 1561 2459 continuo,
1581 2353 1784 2463 majorem

218 2511 469 2597 humorum,
496 2517 600 2602 quos
618 2488 650 2572 ii
667 2490 900 2594 continent,
926 2503 1087 2601 partem
1109 2503 1182 2574 aut
1201 2518 1291 2573 esse
1310 2488 1469 2594 falsam,
1498 2504 1572 2575 aut
1596 2503 1781 2602 spectata

220 2623 465 2739 epigraphe,
492 2626 623 2738 typis,
652 2627 825 2741 aliisque
845 2628 979 2713 causis
999 2627 1248 2740 gravissimis
1268 2654 1292 2709 a
1314 2653 1415 2712 vero
1436 2654 1688 2740 magnopere
1708 2628 1795 2724 ab·=

220 2759 372 2847 ludere.
402 2765 457 2848 At
480 2792 580 2849 vero
600 2764 722 2879 hujus
747 2781 921 2852 naturae
941 2795 1026 2851 non
1054 2765 1177 2850 modo
1205 2777 1325 2872 sunt,
1355 2792 1458 2877 quos
1480 2765 1782 2857 ,mediobarbus

218 2896 265 2984 in
285 2889 526 3011 catalogum
555 2928 678 2986 suum
709 2904 875 3014 recipit,
916 2903 1035 2987 numi
1064 2902 1315 3007 Oeconiani,
1345 2913 1388 2983 et
1413 2901 1566 3011 quibis
1587 2900 1782 3012 permixti

219 3049 338 3144 strut,
370 3035 604 3146 Goltziani,
633 3037 706 3122 sed
734 3040 883 3149 etiarn,
913 3067 1014 3153 quos
1034 3038 1124 3151 ipse
1145 3036 1258 3119 nullo
1288 3034 1449 3118 dilectu·
1474 3062 1527 3126 ex
1551 3037 1783 3121 communi-

223 3173 324 3260 catis
349 3202 494 3272 secum
519 3177 738 3291 catalogis,
768 3175 1015 3291 schedis-que
1042 3176 1236 3284 corrasit,
1266 3189 1313 3262 et
1335 3174 1379 3258 in
1398 3202 1519 3259 suum
1539 3175 1784 3260 Amaltheae

222 3340 352 3399 comu
379 3317 569 3433 conjecit.
599 3315 829 3425 Percurre,
862 3318 898 3402 si
920 3318 1057 3423 lubet,
1091 3318 1245 3422 fontes,
1274 3311 1388 3398 unde
1405 3313 1439 3396 is
1458 3342 1532 3398 sua
1550 3313 1709 3424 hausit,
1739 3328 1781 3399 et

224 3478 326 3565 quos
342 3451 433 3565 ipse
451 3455 495 3539 in
520 3459 603 3541 line
624 3456 757 3571 operis
783 3450 851 3565 sui
867 3454 1086 3561 indicavit,
1115 3467 1157 3538 et
1176 3454 1356 3564 reperies
1381 3450 1506 3534 iubis
1530 3464 1604 3535 aut
1622 3453 1784 3535 obsole-

227 3601 290 3674 tos
324 3590 417 3675 illos
454 3593 661 3679 Levinum
686 3591 898 3700 Hulsi'um,
939 3592 1203 3696 Tristanum,
1243 3590 1527 3702 Angelonum,
1557 3587 1784 3695 Smetium,

219 3740 315 3836 aut,
348 3728 499 3843 quibus
519 3731 631 3815 nulla
648 3731 771 3844 plane
793 3728 986 3813 habenda
1010 3729 1134 3835 fides,
1163 3727 1398 3841 Ligorium,
1428 3751 1577 3807 numos
1594 3726 1786 3810 Arscota·

225 3893 299 3950 nos
327 3879 404 3952 etc.
437 3883 510 3989 qut
532 3869 739 3983 catalogos
769 3882 984 3954 contextos
1013 3867 1066 3948 ab
1099 3866 1362 3972 auctoribus,
1400 3891 1580 3978 quorum
1615 3864 1785 3949 nomina
1907 3872 1917 3888 '

222 4004 321 4119 reip.
351 4004 555 4091 literariae
590 4007 732 4120 ignota
758 4035 921 4120 semper
937 4008 1064 4090 fuere.
1096 4006 1234 4119 Atque
1262 4031 1317 4087 ex
1335 4000 1400 4085 his
1428 4003 1659 4116 praeconiis
1687 4032 1798 4125 caun-

225 4143 452 4228 maximam
475 4145 860 4261 supplementorum
881 4172 1052 4230 suorum
1069 4156 1231 4256 partem
1250 4141 1430 4255 legeret,
1459 4143 1617 4225 factum
1639 4168 1784 4225 neces-

224 4281 353 4392 sario,
382 4312 467 4368 non
486 4284 610 4371 modo
628 4297 679 4370 ut
696 4283 932 4396 spuriorum
952 4281 1116 4395 copiam
1144 4278 1338 4387 inferret,
1367 4308 1602 4392 numosque
1620 4306 1786 4392 reprae-
1896 4382 1903 4399 .

227 4403 408 4520 tentaret
425 4454 480 4523 eo·
494 4425 624 4534 cultu,
655 4452 781 4539 quem
800 4420 1022 4534 antiquitas
1041 4418 1272 4529 inficiatru,
1301 4418 1515 4504 sedetiam
1535 4444 1585 4501 ea
1603 4398 1785 4532 praeter-

222 4556 321 4669 iret,
362 4590 470 4675 quae
497 4552 550 4646 ad
570 4592 719 4649 venrm
747 4590 802 4646 ex
828 4560 967 4647 numis
998 4557 1247 4672 capiendum
1271 4559 1455 4641 fructum
1482 4556 1784 4673 praetereunda

226 4699 397 4784 minime
416 4701 594 4788 suerunt
624 4707 690 4808 An
708 4700 821 4786 enim
838 4712 926 4786 toto
954 4697 1023 4782 illo
1042 4724 1167 4812 opere
1186 4697 1253 4782 vel
1272 4695 1402 4785 semel
1421 4697 1699 4785 commonitus
1719 4705 1783 4782 est

285 4866 384 4971 (roa
402 4863 487 4945 71.)
1424 4839 1453 4922 b
1545 4858 1547 4864 '
