4012 5370
889 424 1104 496 GALBA.

219 598 448 661 nossimilirer
457 595 749 678 afatidicapaeila
762 596 960 676 pronuncia·

218 712 268 772 ta,
276 717 414 775 quoram
424 700 606 757 carminum
615 701 782 759 sententia
795 711 877 770 erat,
898 700 964 757 ori·

219 812 331 859 ruram
342 800 589 876 quandoaurea
601 797 764 876 Hispania
770 802 963 878 principem,

218 901 452 975 dominamque
480 919 600 963 reram.
644 899 719 959 Non
753 911 965 981 praetereun-

219 996 314 1073 dum,
334 997 422 1081 quod
437 999 745 1061 narratPlutarcbus
762 1002 809 1080 ¹),
827 999 963 1061 Galbam

220 1098 329 1162 audita
359 1099 506 1164 Vindicis
540 1099 641 1161 caede
672 1102 845 1164 secessisse
868 1101 964 1163 Colu-

221 1201 326 1275 πίσω,
364 1202 543 1280 (Kolarina
579 1203 727 1284 Ιβηρηιην)
766 1204 962 1284 ductumque

222 1303 421 1386 poenitentia
433 1316 662 1379 anteactorum,
678 1318 711 1366 et
724 1303 889 1367 desiderio
901 1304 966 1386 pri-

223 1404 297 1467 stini
315 1405 372 1465 otii
388 1426 452 1466 non
469 1427 684 1488 magnopere,
709 1427 791 1490 quae
809 1426 964 1489 praesens

222 1519 350 1588 tempus
366 1506 556 1588 postulabat,
572 1527 781 1589 procurasse,
800 1528 837 1570 ac
855 1527 966 1590 perse-

223 1627 353 1670 terame
366 1608 428 1682 ibi,
447 1607 522 1668 dum
546 1607 687 1691 «lenique
708 1608 966 1671 senatusconsul-

224 1722 291 1770 tum
314 1707 356 1770 da
379 1707 515 1771 decreto
538 1709 570 1770 ei
599 1710 738 1792 imperio
770 1710 965 1773 adferretur.

171 1875 181 1883 ,
224 1808 367 1872 Dubium
396 1831 460 1871 non
486 1823 559 1886 est,
598 1810 767 1873 Plutarchi
797 1812 965 1873 Kobounur

225 1931 297 1975 csse
316 1911 418 1995 ipsam
435 1913 518 1974 hanc
532 1925 675 1974 nostram
688 1914 852 1989 Clanium,
869 1928 965 1996 atque

226 2012 307 2076 adeo
340 2013 423 2076 banc
445 2013 560 2076 urbem
583 2013 706 2095 Galbae
729 2014 870 2098 primum
891 2034 968 2098 pro-

226 2128 299 2197 pter
317 2114 480 2177 laudatum
508 2115 710 2193 vaticinium,
740 2115 859 2178 deinde
879 2114 967 2198 quod

225 2216 315 2279 inea
332 2214 373 2277 de
391 2217 508 2279 collata
522 2237 644 2279 summa
666 2231 825 2301 potestate
843 2217 968 2280 certior

226 2330 275 2379 est
291 2316 450 2390 redditus,
474 2319 662 2401 cumprimis
683 2320 783 2382 fuisse
805 2321 966 2393 dilectam,

223 2432 415 2504 auctamque
433 2420 609 2482 honoribus
626 2437 660 2488 et
672 2421 858 2496 beneficiis,
879 2419 967 2503 quod

225 2518 362 2581 inditum
389 2522 485 2583 etiam
509 2524 703 2604 SVLpiciaa
723 2543 844 2584 nomen
866 2522 969 2585 bono·

225 2620 364 2698 rilicum,
386 2636 420 2683 ut
436 2645 551 2686 numus
571 2644 725 2707 praesens
742 2637 895 2702 testatur,
920 2624 968 2685 lu·

226 2723 356 2785 calente
378 2727 577 2809 comprobat.

369 2864 403 2923 V
400 2865 476 2922 aria
493 2869 623 2924 amicae
643 2865 830 2947 epigraphe.

224 2960 389 3026 BONOS.
417 2964 488 3029 ΕΤ.
516 2965 689 3032 VIRTVS.
717 2966 749 3028 S.
774 2964 809 3029 C.
853 2966 968 3027 Honos

225 3066 416 3126 seminudas
433 3078 527 3126 araas
551 3068 582 3129 d.
600 3066 748 3142 hastam,
768 3087 794 3132 s.
812 3087 969 3129 carnaco·

222 3167 317 3244 piae,
340 3167 444 3242 juxta
466 3179 559 3227 stans
582 3169 703 3230 Virtus
725 3172 835 3248 capite
855 3167 968 3248 galea·

226 3279 260 3326 ro
277 3267 309 3328 ti.
317 3271 555 3347 parazoniam,
570 3289 596 3328 s.
611 3269 759 3342 basiam,
780 3282 813 3331 er
831 3271 967 3329 dextero

221 3370 304 3445 pede
312 3360 461 3447 galeam}
475 3382 512 3428 ut
525 3371 664 3446 aderat,
679 3391 839 3453 premens.
863 3368 968 3432 aut.

225 3470 316 3548 (ntur
332 3467 443 3547 Caes.)

288 3570 473 3652 Vtrumque
500 3590 641 3644 numen,
668 3573 802 3648 Honos,
833 3584 866 3634 et
896 3571 969 3637 Vir-

226 3685 295 3749 tus,
324 3673 519 3755 proponitur
548 3674 643 3736 etiam
674 3676 708 3736 in
734 3674 840 3735 numia
862 3673 968 3757 gentis

224 3773 338 3836 Fabae
355 3788 388 3836 et
404 3775 548 3849 blaciae,
571 3774 612 3838 ‹lo
630 3776 745 3860 quibus
767 3774 859 3848 vide,
885 3793 967 3857 quae
1059 3826 1066 3839 .

225 3875 260 3936 in
277 3888 376 3959 gente
396 3877 504 3938 Mucia
523 3881 650 3949 notavi;
679 3899 793 3940 verum
812 3877 901 3939 iniis
917 3896 968 3938 so·

224 3977 257 4039 la
283 3991 511 4060 proponuntur
534 3980 646 4060 capita.
688 3981 843 4042 Ceterum
869 3976 970 4041 curii

227 4079 260 4140 in
277 4078 401 4143 Galbae
426 4080 531 4141 numia
552 4081 781 4154 restituantur,
808 4081 895 4162 quod
920 4079 971 4141 ‹ti-

218 4199 317 4255 τω,
338 4201 405 4243 non
425 4181 542 4246 babeo.

374 4332 504 4391 Anrica
520 4335 660 4392 incerta.

228 4431 459 4496 mauras,
481 4432 518 4494 P.
538 4431 577 4489 R.
607 4432 736 4493 Mulier
760 4447 855 4495 stans
874 4435 975 4496 elatis

267 4650 296 4694 at
318 4643 351 4700 lu
370 4640 469 4697 Galba
485 4660 513 4714 p.
530 4649 607 4700 1055.
683 4637 719 4705 b)
739 4635 838 4711 Eclog·
856 4639 878 4695 1-
898 4659 923 4695 t'·
938 4649 982 4700 is.

1663 525 1666 530 ,
1698 450 1769 531 295

1020 591 1173 652 manibus
1189 595 1278 654 inter
1291 594 1376 655 daus
1389 597 1509 676 spicas.
1532 597 1601 663 alt.
1611 601 1767 682 (Morelli

1020 692 1138 772 lmen)
1446 697 1449 703 '

1085 790 1234 854 Libertas
1264 793 1297 854 in
1320 794 1442 859 Galbae
1474 799 1579 862 numia
1607 799 1764 884 frequens

1023 905 1087 967 est,
1116 912 1223 976 neque
1255 895 1288 954 irl
1318 896 1450 975 mirum,
1479 920 1554 962 curn
1583 922 1671 983 resp.
1703 924 1765 987 per

1020 995 1161 1056 Neronis
1179 996 1438 1061 internecionem
1461 1000 1522 1062 sibi
1540 1001 1602 1083 ipsi
1616 1003 1764 1065 restituta

1020 1093 1208 1173 rideretur,
1233 1112 1267 1160 et
1295 1099 1389 1180 plebs
1415 1102 1583 1177 referente
1607 1104 1765 1167 Suetonio

1023 1216 1095 1257 eam
1112 1197 1154 1257 ob
1174 1218 1302 1259 causam
1326 1200 1445 1281 pilenta
1460 1201 1671 1268 discurreret.
1701 1207 1766 1267 De·

1023 1296 1170 1360 scribere
1206 1299 1292 1363 hunc
1321 1323 1453 1363 nuruum
1482 1305 1603 1386 placuit
1630 1320 1767 1387 propter

1022 1400 1090 1481 typi
1107 1400 1330 1477 insolentiam
1353 1426 1426 1466 narn
1453 1405 1517 1468 boc
1542 1405 1630 1468 cultu
1654 1406 1769 1467 Libor-

1023 1513 1070 1563 tas
1096 1502 1176 1585 fingi
1203 1503 1236 1563 iu
1263 1505 1354 1566 nullo
1383 1527 1481 1567 numo
1505 1520 1555 1568 est
1577 1505 1682 1569 solita.
1726 1511 1769 1569 Et

1022 1601 1153 1664 videtur
1190 1625 1231 1667 eo
1261 1605 1397 1687 insignis
1425 1608 1583 1691 allegoria
1613 1608 1767 1681 involuta,

1024 1716 1173 1786 tanquam
1195 1706 1314 1787 mulier
1336 1708 1522 1769 hortaretur
1543 1721 1637 1791 gestu
1659 1709 1700 1770 ad
1713 1730 1768 1772 co-

1024 1805 1140 1867 lendos
1152 1805 1261 1869 libere
1279 1828 1375 1891 agros
1392 1807 1515 1880 sublata
1534 1807 1664 1871 tandem
1681 1829 1768 1873 com·

1024 1908 1115 1968 muni
1146 1906 1233 1968 orbis
1256 1909 1328 1985 lue,
1360 1921 1397 1977 et.
1415 1908 1505 1995 velut
1527 1909 1769 1995 gestieragau·

1025 2006 1080 2070 (lio
1126 2009 1317 2074 inclamaret
1364 2009 1517 2094 agricolis
1552 2030 1626 2074 cum
1660 2016 1768 2077 Maro-

1025 2106 1132 2183 nebi:

1089 2212 1273 2271 Paeniteat
1290 2222 1367 2272 anre
1380 2211 1486 2287 noves,
1501 2215 1608 2292 paeri,
1621 2217 1771 2278 summit·

1483 2316 1684 2376 titeiauros.

1025 2410 1154 2495 Inique,
1186 2424 1222 2473 ut
1251 2410 1396 2487 videtur,
1437 2412 1645 2494 Schlegclius
1672 2415 1767 2498 hujus

1023 2512 1114 2574 numi
1141 2510 1240 2576 fidem
1269 2513 1376 2576 elevat
1405 2513 1608 2593 profitendo,
1644 2533 1719 2578 eum
1749 2541 1768 2580 a

1025 2614 1180 2676 Morellio
1214 2614 1361 2676 haustum
1386 2633 1432 2674 ‘ex
1463 2613 1586 2675 Goltuii
1606 2618 1702 2681 MSS.
1727 2620 1767 2699 ⁰).

1025 2717 1108 2776 Nam
1139 2713 1325 2776 adstitutnm
1357 2714 1514 2776 iconismo
1547 2715 1652 2778 titium
1674 2732 1769 2781 testa·

1024 2830 1096 2890 tur,
1114 2835 1247 2877 numum
1265 2816 1389 2879 aurumi
1405 2814 1438 2875 in
1456 2835 1570 2878 musea
1587 2817 1678 2899 regis
1695 2818 1770 2881 Gal·

1026 2904 1154 2978 liarum.
1596 2980 1600 2985 .
1825 2902 1826 2906 Ἰ

1165 3015 1297 3077 lacerta
1314 3021 1445 3089 untione
1460 3019 1646 3101 epigraphe.
1664 3019 1771 3102 Caput

1166 3118 1366 3184 laureatum.
1440 3179 1443 3191 ,

1025 3217 1256 3282 ΙᾸΒΕΒΤΑὸ.
1274 3219 1538 3291 RESTITVTA.
1557 3223 1592 3288 S.
1607 3223 1643 3285 C.
1668 3223 1771 3303 Impe-

1025 3334 1119 3382 rator
1134 3332 1270 3401 togatas
1284 3333 1378 3383 stans
1388 3325 1539 3411 figuram
1553 3324 1772 3410 genuflecten-

1027 3434 1093 3483 tem
1114 3423 1263 3482 sublevat
1279 3433 1390 3483 stante
1407 3435 1494 3483 retro
1509 3423 1630 3488 milite.
1651 3424 1722 3489 Aa.
1745 3428 1769 3489 l.

1026 3525 1117 3604 (Mus
1133 3522 1226 3585 Caes.
1244 3521 1378 3584 Marulli
1394 3524 1513 3604 impp.)

1090 3626 1199 3686 Norua
1218 3621 1314 3684 etiam
1328 3622 1381 3685 hic
1396 3623 1572 3687 Libertatis
1588 3639 1698 3709 typus,
1716 3627 1770 3711 qui

1026 3724 1165 3809 praeivit
1184 3743 1300 3784 numos
1320 3722 1494 3802 Hadriani,
1522 3727 1554 3788 in
1580 3727 1696 3810 quibus
1719 3749 1770 3790 re-

1028 3839 1152 3888 stitutas
1167 3824 1348 3906 provincias
1361 3823 1529 3890 babemus.

1172 3928 1215 3984 Vt
1231 3926 1284 3987 lit.
1300 3926 1340 3986 B.

1027 4026 1256 4089 LIBERTAS.
1279 4027 1541 4094 RESTITVTA·
1578 4032 1683 4113 Caput
1702 4052 1785 4092 ma»

1028 4130 1132 4191 liebre
1150 4130 1351 4204 Libertatis.
1367 4130 1437 4192 AR.

1033 4303 1038 4310 ι
1093 4233 1156 4293 llic
1173 4229 1261 4292 idem
1283 4249 1399 4291 numus
1420 4242 1485 4303 est,
1513 4227 1547 4288 in
1570 4248 1635 4310 quo
1658 4231 1771 4314 Segni·

1031 4354 1092 4394 nus
1109 4350 1283 4414 perperam
1303 4330 1402 4414 legit:
1431 4328 1557 4393 REST.
1582 4332 1706 4406 ttvttt.‚
1737 4355 1757 4394 u

1032 4432 1215 4498 videbimus
1231 4429 1326 4496 inira.
1744 4457 1747 4462 ·

1059 4641 1089 4710 c>
1109 4638 1361 4712 Torn.ll.p.162·
1406 4711 1408 4713 ¹
1529 4596 1535 4609 ·
