4012 5370
821 472 872 543 Μ.
903 469 1220 554 ANTONIVS,
1726 499 1729 506 ·
1748 500 1795 582 59

237 642 335 719 daut,
371 641 464 725 cujus
485 637 606 705 deinde
627 658 840 724 progressum
861 641 990 727 praedi·
1045 643 1089 708 lia
1114 643 1432 729 Transalpina'faeta
1457 660 1508 710 est
1529 647 1698 731 provincia
1724 653 1792 716 110·

237 756 289 807 eat
313 743 456 820 Strabo,
483 764 557 807 oum
578 741 700 820 refert,
715 764 801 816 ,sua
815 743 861 806 ibi
882 759 987 817 aetate
1045 766 1139 809 mana
1160 749 1200 813 V.
1220 748 1255 811 C.
1275 744 1351 822 634.
1400 733 1596 833 Ldgdunnm
1618 765 1697 818 tune
1717 770 1795 825 este

235 869 254 907 a
296 844 477 929 praesentia
521 846 677 908 Romania
713 857 877 916 monetam
912 868 989 919 eum
1045 847 1155 931 eoepit
1176 848 1237 911 sub
1257 851 1479 927 Romanorum
1511 865 1683 934 potestate.
1725 861 1793 921 lam

234 965 390 1025 aorem,
427 959 497 1010 tum
529 959 720 1030 argenteam
749 948 882 1024 oudin.
924 952 989 1032 Ty.
1047 967 1126 1014 vero
1156 952 1203 1018 Μ.
1235 950 1397 1013 Antonius
1428 953 1536 1021 Illviri
1565 968 1660 1038 pater
1687 957 1729 1023 V.
1753 959 1806 1021 C..

234 1069 299 1132 pne
337 1049 373 1111 in
409 1047 462 1111 bia
492 1049 659 1117 Victoriae
693 1070 898 1136 nequaquem
933 1072 990 1116 ne·
1045 1053 1110 1133 674
1139 1051 1180 1115 L.
1213 1051 1348 1114 Manilio
1387 1054 1421 1115 in
1451 1052 1557 1118 Galliu
1586 1055 1792 1122 Narbonensi

235 1150 404 1228 conrado,
448 1149 536 1237 quod
570 1152 739 1237 plerisque
776 1152 913 1217 eruditio
941 1154 989 1218 vi·
1043 1148 1263 1233 suitlegatna
1289 1169 1546 1238 proqnaeatore,
1581 1159 1637 1241 qui
1658 1159 1793 1244 Lugdu-

233 1275 330 1330 num,
359 1253 497 1317 relatam
518 1253 658 1338 aliquam
679 1255 849 1321 victoriam
871 1256 984 1334 innuit,
1042 1252 1198 1317 nensibne
1221 1268 1350 1317 senatun
1372 1256 1575 1336 consultum,
1599 1281 1663 1343 qno
1686 1265 1791 1325 muni-

234 1377 312 1418 σοι
336 1376 377 1418 ea
397 1355 440 1418 ait
460 1369 555 1439 typus
576 1355 692 1421 obvius
711 1355 746 1419 in
762 1359 985 1423 Romanorum
1042 1355 1132 1438 oipoa
1149 1370 1279 1433 esseut,
1302 1358 1447 1422 attulisse
1464 1360 1603 1425 ridetur.
1637 1365 1704 1426 Pro
1722 1386 1791 1448 quo

233 1458 412 1543 quinariis,
447 1478 523 1520 eum
544 1457 661 1542 quibua
682 1458 717 1519 hi
738 1459 885 1542 pondere
908 1481 984 1524 oon·
1041 1458 1125 1522 adeo
1147 1457 1311 1522 beneficio
1335 1454 1573 1541 Lugdunenses
1587 1461 1627 1524 ab
1653 1464 1717 1526 boo
1737 1488 1791 1529 an-

231 1560 372 1644 spirant.
424 1556 497 1651 Qua
517 1552 643 1623 rationo
658 1559 721 1633 leo
742 1560 784 1622 ad
805 1560 983 1627 Antonium
1040 1580 1084 1622 no
1102 1560 1286 1642 b7lueram
1300 1582 1475 1623 numerare
1497 1579 1689 1647 coeperunt.

230 1661 417 1745 pertineat,
439 1660 567 1724 dicetur
587 1661 673 1726 infra
689 1660 731 1724 ad
750 1675 869 1725 annum
886 1665 927 1731 V.
945 1667 980 1730 C.
1104 1661 1220 1724 Omnia
1244 1661 1326 1724 haee
1350 1663 1518 1729 Vailluntii
1543 1664 1649 1729 oratio
1669 1667 1787 1750 partim

227 1763 530 1846 715.Exbooin
548 1762 727 1825 Antonium
747 1763 877 1826 adfectu
894 1766 982 1832 Vail·
1038 1776 1153 1847 aperto
1178 1762 1278 1839 laisa,
1311 1763 1429 1845 partim
1453 1764 1612 1848 ambiguis
1634 1768 1712 1832 nixu
1733 1777 1789 1835 rel
1905 1803 1907 1810 π

227 1866 351 1930 lentior
369 1864 521 1939 leonem,
543 1866 598 1949 qui
614 1862 779 1948 hodieque
796 1866 886 1931 urbia
905 1867 982 1930 insi·
1037 1864 1101 1927 boe
1127 1886 1192 1928 uno
1215 1863 1401 1940 refellitur,
1433 1864 1461 1926 ai
1482 1887 1621 1950 negem,
1653 1870 1786 1952 Lugdu·

227 1988 296 2053 gne
312 1966 411 2043 iacit,
441 1966 671 2049 temetipsam
685 1965 776 2032 urbia
788 1962 980 2053 appellatio·
1037 1987 1115 2028 num
1136 1979 1191 2030 aut
1215 1986 1300 2029 anno
1325 1967 1417 2050 V.C.
1435 1966 1516 2044 634,
1542 1982 1597 2030 eut
1618 1969 1682 2051 674
1709 1970 1789 2034 inie-

227 2091 309 2134 uem
325 2071 414 2132 Lion
431 2067 569 2130 derivat.
904 2109 909 2117 -
1038 2088 1074 2130 ee
1105 2069 1139 2128 in
1176 2070 1399 2131 Romanorum
1434 2082 1607 2152 potestate.
1650 2073 1718 2134 Per
1735 2073 1786 2134 ‚id

293 2168 446 2252 Inscripti
468 2170 542 2231 enni
562 2169 632 2228 XL.
649 2167 736 2263 m·
758 2169 892 2238 uberius
912 2191 980 2234 me·
1037 2182 1165 2252 tempus
1189 2171 1344 2233 Romania
1367 2191 1407 2233 ea
1426 2181 1549 2231 tantum
1568 2171 1694 2236 Galliae
1707 2197 1783 2259 para

223 2272 293 2334 'rito
322 2290 465 2334 examen
492 2270 673 2354 postulant,
696 2270 786 2357 quod
807 2285 978 2357 antequam
1037 2271 1159 2353 paruit,
1200 2292 1283 2356 quae
1322 2271 1427 2334 serina
1468 2269 1709 2354 Narbonensis,
1752 2292 1785 2340 at

223 2372 408 2451 exordior,
445 2370 693 2457 inquirendum,
733 2372 849 2456 quibus
887 2375 978 2437 urbis
1037 2384 1106 2433 tum
1131 2371 1237 2435 Gallia
1263 2373 1475 2456 Transalpina
1506 2372 1590 2437 dicta
1622 2375 1703 2455 fuit,
1743 2378 1784 2442 ad

224 2474 381 2540 eonditeo
399 2475 490 2538 ennio
509 2474 633 2558 possint
651 2475 865 2558 respondere.
889 2477 982 2557 latud
1038 2494 1134 2557 quam
1151 2473 1243 2536 nullo
1258 2489 1354 2559 paeto
1375 2473 1566 2558 pertinuere
1591 2475 1782 2561 Segusiani,

226 2591 378 2654 eertum,
417 2597 475 2640 eoa
495 2577 580 2640 iutra
607 2596 708 2638 anuos
726 2577 767 2644 V.
786 2578 821 2642 C.
839 2601 921 2660 711,
945 2593 980 2642 et
1036 2574 1072 2635 in
1100 2574 1217 2661 quibua
1247 2575 1345 2637 sitnm
1376 2575 1584 2658 Lugdunum.
1637 2581 1690 2641 En
1712 2581 1783 2660 ejus
1818 2605 1821 2612 ⁴

228 2679 360 2740 initium
386 2687 452 2757 7¹4
480 2676 764 2760 constringendos.
813 2682 895 2742 Nam
925 2702 980 2742 an·
1037 2676 1239 2739 luculentum
1261 2690 1380 2740 testem
1402 2678 1576 2742 Caesarem
1599 2680 1651 2764 d):
1685 2683 1791 2764 Sego.

228 2800 277 2845 ιο
304 2779 440 2843 demum
471 2801 530 2859 7¹¹
563 2778 777 2863 Lugdunum,
818 2793 854 2841 ut
892 2780 977 2869 dixi,
1036 2780 1216 2857 stansque,
1247 2781 1307 2857 qui
1325 2779 1567 2865 suntfinitimi
1586 2784 1785 2844 Provinciae
1828 2773 1831 2778 ⁵

230 2879 373 2944 deduma
405 2879 552 2956 colonia,
587 2894 622 2942 et
650 2901 692 2942 eo
723 2878 883 2942 adfinem
907 2902 979 2946 ver·
1037 2889 1098 2941 etc.
1126 2877 1155 2938 ai
1177 2876 1324 2955 finitimi,
1354 2899 1436 2962 ergo
1457 2899 1525 2941 non
1548 2880 1582 2940 in
1600 2881 1785 2947 Provincia.

230 2996 330 3067 gente
352 2981 497 3045 Antonio
519 2979 675 3064 permista
693 2982 798 3044 Gallia
819 3003 918 3054 nova,
942 2984 977 3044 in
1036 2977 1125 3040 Alibi
1141 2980 1189 3058 0):
1227 2981 1284 3041 Ab
1302 2979 1546 3060 Allobrogibus
1568 2983 1604 3042 in
1632 2980 1788 3064 Segusia-

230 3105 292 3168 qu
319 3083 420 3147 eitum
451 3082 663 3166 Lugdunum,
700 3083 826 3167 etipse
848 3084 976 3149 Illvira·
1036 3100 1096 3141 nos
1111 3083 1293 3144 exercitum
1309 3083 1424 3150 ᾰιισίις
1443 3079 1482 3142 ln·
1498 3093 1576 3144 sunt
1592 3094 1692 3144 extra
1712 3086 1789 3173 Pro·

229 3199 298 3248 tm
342 3184 455 3247 adivit.
510 3188 630 3249 Postea
666 3184 759 3247 initio
801 3187 876 3249 anni
912 3196 978 3268 7¹4
1034 3183 1183 3254 vinciam
1197 3191 1291 3243 trans
1305 3181 1502 3245 Rhodanum
1511 3184 1626 3264 primi.
1657 3181 1692 3244 Si
1704 3203 1787 3266 ergo

229 3286 430 3351 octaviana·
451 3287 486 3350 in
508 3287 629 3352 Gallina
659 3286 828 3370 profectus
851 3289 979 3351 exerci-
1036 3283 1183 3347 Caesarie
1205 3281 1310 3346 adbuc
1324 3296 1429 3347 aetate
1451 3283 1649 3368 Lugdunum
1670 3284 1732 3347 fnit
1748 3286 1785 3348 li-

225 3403 315 3466 tm,
346 3389 405 3474 qni
428 3388 481 3451 ibi
499 3389 560 3452 tub
585 3386 681 3451 Fufio
706 3390 829 3454 Caleno
843 3390 977 3452 Antonii
1035 3385 1170 3463 berum,
1196 3385 1298 3447 multo
1320 3387 1422 3469 magis
1444 3386 1479 3448 id
1494 3386 1556 3449 snit
1577 3386 1668 3449 annis
1686 3400 1779 3450 retro

224 3491 339 3575 legrto
366 3489 487 3568 tubat,
519 3505 614 3576 atque
631 3490 734 3574 ipsam
752 3492 885 3554 Antonii
902 3514 976 3576 pro·
1033 3487 1123 3564 XX„
1165 3500 1199 3550 et
1238 3487 1326 3569 quod
1362 3487 1526 3569 nequitur,
1567 3487 1779 3570 municipium

223 3594 369 3658 nucum
400 3591 541 3657 Galliam
568 3591 805 3677 occupavitb),
846 3614 887 3656 ex
909 3614 974 3678 quo
1033 3588 1229 3673 Lugdunum
1254 3588 1406 3652 constitui
1423 3609 1488 3650 non
1503 3587 1609 3669 potuit
1625 3588 1709 3650 ultra
1725 3590 1783 3651 im·

221 3712 380 3782 tenpore
399 3694 576 3760 rerioimile
591 3716 657 3757 non
674 3708 743 3772 eat,
765 3695 899 3757 Antonii
919 3715 975 3758 no·
1032 3690 1120 3774 perii
1139 3688 1220 3753 fines
1242 3703 1310 3751 tum
1332 3688 1437 3750 adhuc
1466 3687 1618 3771 positum.
1662 3690 1779 3772 Neque

220 3800 315 3864 nine
337 3799 497 3883 signatam
517 3794 672 3880 Lugduni
693 3796 873 3880 pecunium.
913 3799 975 3858 Er·
1033 3811 1115 3858 vero
1137 3793 1234 3855 etiam
1256 3791 1329 3873 plna
1345 3788 1470 3867 valeat,
1506 3810 1588 3874 quae
1608 3789 1655 3852 ibi
1675 3790 1714 3854 de
1736 3794 1780 3852 M.

222 3921 391 3986 gonnor
408 3900 478 3964 xl..
492 3912 674 3961 retrorsum
690 3898 888 3981 gradiendo,
923 3920 976 3961 an·
1033 3894 1177 3956 Antonio
1204 3893 1311 3956 lllviri
1334 3905 1426 3974 patre
1450 3892 1490 3956 L.
1515 3891 1640 3954 Manilii
1658 3893 1692 3955 in
1709 3893 1784 3954 Gal·
1897 3896 1904 3908 “

218 4026 284 4069 m
316 4004 342 4068 l.
375 4000 535 4088 pendebit
565 3998 606 4063 ub
636 4003 729 4064 annia
760 4002 802 4070 V.
834 4001 870 4062 C.
896 4001 976 4079 b72,
1033 3994 1077 4058 liu
1113 3993 1317 4057 Narbonensi
1354 4007 1590 4076 proquaeetore
1624 4015 1667 4059 ex
1695 3994 1782 4059 Livii

220 4107 304 4187 ⁶73,
334 4103 401 4186 ⁶74
416 4114 584 4188 'tanqum
611 4101 705 4166 initio
737 4102 902 4185 epochae,
943 4100 978 4162 in
1035 4097 1202 4162 breviario
1221 4096 1299 4157 libri
1314 4096 1381 4163 XC.
1399 4096 1553 4181 Pighinm
1572 4110 1722 4172 secutur,
1745 4109 1782 4158 ut
1815 4160 1830 4169 ,

221 4208 321 4291 enin
341 4204 539 4272 eouadmuo
569 4226 697 4270 oausam
719 4204 816 4268 modo
842 4202 978 4288 inquiri·
1024 4199 1108 4287 'fere
1131 4219 1279 4281 semper,
1311 4197 1455 4265 disserit.
1505 4199 1639 4261 Pridem
1663 4197 1785 4260 eruditi

222 4331 312 4374 ur.
1034 4303 1122 4365 huuc
1151 4301 1259 4364 locum
1280 4300 1430 4363 luxatum
1454 4299 1625 4375 viderunt,
1669 4313 1703 4362 et
1722 4319 1784 4383 pro

287 4411 376 4473 Em
391 4406 587 4476 venantia·
606 4407 654 4470 aio
672 4406 805 4491 exponit
820 4406 866 4486 ο);
903 4404 978 4468 Gal·
1036 4401 1448 4487 Antoniusreponendnm
1462 4404 1644 4466 Domitius.
1663 4402 1784 4464 Parum

224 4537 1777 4571 .......-.-..........-.-------------·

259 4638 296 4706 a)
314 4634 349 4691 1..
365 4631 417 4692 [v.
432 4643 540 4708 pm.
615 4631 798 4705 b),A·ppiun.
818 4626 889 4685 nell.
905 4629 961 4684 civ.
977 4628 1008 4682 L.
1026 4627 1062 4684 l'.
1081 4637 1166 4708 eil.
1243 4627 1273 4694 c)
1294 4625 1378 4682 Num.
1402 4624 1470 4680 sain.
1493 4645 1523 4700 p.
1539 4638 1582 4696 91.
1658 4624 1786 4697 d)13e11.

225 4725 308 4784 Gall.
323 4724 359 4783 1..
375 4722 441 4784 vil.
459 4725 538 4785 aot·
613 4723 643 4792 e)
663 4719 736 4777 ibid.
752 4719 783 4775 L.
801 4718 823 4776 l.
842 4738 868 4774 e.
883 4731 922 4779 lo.
