4012 5370
223 466 294 536 132
758 546 762 554 .
847 439 1134 541 TIBERIVS.

187 652 194 669 ·
224 642 313 696 som,
343 618 370 681 si
397 629 482 689 tum,
516 628 590 673 cum
619 606 800 690 catalogum
829 605 964 670 adorna·
1019 628 1102 693 pore
1130 607 1292 691 signatos,
1325 619 1421 690 atque
1448 606 1533 673 adeo
1560 630 1680 675 numos
1702 612 1759 679 bac

222 744 352 795 veram,
382 717 423 781 ad
449 725 638 799 praesentes
661 708 818 769 Antoniae
846 728 963 770 numos
1019 710 1231 793 inscriptione
1246 706 1390 791 insignes
1406 729 1479 772 esse
1494 711 1682 797 Caligulae,
1699 734 1761 778 ucu

221 811 425 886 rellexissem
443 819 594 880 animum.
617 811 674 886 Hi,
696 810 845 893 quoniam
863 811 964 871 Anto·
1021 812 1170 893 Augusti.
1199 810 1438 891 corrigendam
1456 812 1559 895 igitur
1578 826 1634 877 cst
1647 813 1760 877 borum

222 926 308 988 niam
333 924 528 1003 Angustam
555 914 681 986 dicunt,
714 932 755 973 ex
780 913 963 995 praeceptis
1021 911 1294 994 antiquariorum,
1318 932 1356 974 ac
1380 933 1508 989 mcum,
1529 911 1589 997 qui
1610 916 1674 979 laos
1698 930 1760 979 tum

221 1028 377 1089 hactenus
396 1021 477 1083 datis
495 1030 569 1080 ante
586 1014 765 1097 Caligulam
785 1013 877 1074 serii-i
896 1032 963 1073 non
1022 1026 1151 1075 secutus
1168 1035 1255 1090 sum,
1272 1013 1446 1095 judicium,
1470 1028 1506 1078 et
1527 1016 1622 1076 numi
1642 1020 1761 1093 omnes,

222 1141 383 1211 potuere,
424 1135 457 1183 ct
491 1120 641 1201 quoniam
675 1137 713 1176 ea
745 1113 963 1177 honorificum
1022 1116 1078 1199 qui
1097 1115 1288 1197 Vipsanium
1309 1115 1504 1199 Agrippam,
1528 1129 1564 1178 et
1585 1118 1760 1189 Proculum

222 1231 309 1290 hunc
328 1224 457 1288 titulum
475 1221 515 1283 ab
534 1232 653 1301 nepote
670 1215 816 1296 Caligula
833 1215 963 1277 demum
1022 1216 1140 1279 llvircs
1164 1216 1337 1294 exhibent,
1361 1217 1530 1301 Caligulae
1554 1219 1654 1280 aetati
1676 1217 1761 1281 resti·

223 1330 372 1402 abstulit,
407 1323 620 1384 indubitatum
653 1331 720 1393 est,
759 1319 819 1378 hos
848 1339 965 1379 numos
1023 1317 1144 1379 tuendi.
1179 1319 1307 1382 Novam
1335 1317 1436 1401 igitur
1456 1332 1688 1401 argumentum
1710 1318 1759 1383 bs·

225 1432 285 1495 sub
311 1424 456 1508 Caligula
480 1424 588 1485 lucem
611 1420 740 1483 vidisse.
774 1420 864 1501 Ergo
890 1439 964 1480 cum
1023 1420 1154 1495 bemus,
1177 1442 1272 1503 quam
1291 1440 1405 1503 parum
1427 1416 1506 1480 lidei
1525 1418 1652 1482 babere
1672 1418 1761 1483 licon

223 1536 258 1595 in
280 1529 386 1592 numia
407 1525 565 1587 Antoniae
586 1526 632 1585 M.
645 1522 772 1583 Bellias
789 1521 965 1596 Proculus,
1021 1519 1248 1597 lineamentis,
1282 1540 1364 1606 quae
1394 1517 1540 1583 offerunt
1564 1520 1659 1584 numi
1682 1540 1761 1585 com·

225 1648 260 1697 et
290 1634 328 1695 P.
351 1627 523 1711 Vipsanius
552 1623 697 1707 Agrippa
727 1621 818 1684 llviui
846 1641 967 1683 memo·
1024 1623 1118 1685 malis
1136 1622 1314 1705 peregrini.

226 1748 358 1807 rentur,
387 1749 523 1791 neccsse
546 1739 612 1799 est,
635 1744 760 1811 numos,
775 1723 965 1806 inscriptos:
1090 1725 1318 1788 Alexandrini
1329 1723 1408 1786 item
1423 1720 1483 1786 sub
1497 1719 1638 1789 Claudio
1651 1716 1762 1807 signali

226 1838 264 1902 C.
284 1832 465 1900 CAESAR.
484 1827 720 1898 AVGVSTVS
745 1823 863 1887 codem
887 1837 974 1921 tem-
1026 1837 1162 1888 exstant.

830 2034 1130 2115 ,PRETJVM

425 2315 532 2376 Aeaei
553 2317 576 2374 l.
600 2326 633 2375 et
654 2314 709 2375 lll.
731 2310 856 2373 formae

425 2415 532 2477 Aeaei
554 2417 592 2475 ΙΙ.
616 2413 741 2474 formae
767 2442 1356 2462 ·······
1468 2421 1495 2470 .·

425 2714 638 2780 Alexandrini
672 2747 1366 2765 ·········
1443 2714 1547 2783 nnn.

731 3124 1047 3191 TIBERIVS
1092 3126 1274 3195 NERO.

296 3294 348 3360 Ti.
370 3291 522 3359 Claudius
543 3290 634 3353 Nero
656 3303 748 3353 natus
773 3311 815 3356 ex
837 3295 973 3375 patricia
1031 3307 1197 3373 octavum,
1231 3309 1266 3359 et
1287 3295 1565 3381 septuagesimum
1586 3295 1697 3359 aetatis
1715 3294 1763 3357 'au-

233 3399 444 3464 Claudiorum
473 3393 594 3458 familia
624 3413 698 3456 cum
728 3413 770 3455 ex
797 3408 890 3476 patre
920 3398 971 3460 Ti.
1029 3419 1107 3460 num
1127 3399 1234 3482 egisse
1253 3398 1415 3480 tradite),
1441 3410 1477 3462 et
1494 3395 1664 3481 Dionad).
1691 3395 1763 3457 Dice

235 3501 371 3565 Claudio
395 3502 553 3571 Nerone,
585 3507 654 3555 tum
684 3513 726 3556 ex
755 3508 857 3558 matre
884 3496 976 3561 Livia
1032 3501 1205 3567 nativitatis
1233 3499 1295 3563 fuit
1323 3501 1410 3568 XVI·
1433 3498 1633 3565 Novembris
1654 3502 1696 3583 ε).
1723 3500 1769 3559 Ιιι·

234 3604 401 3680 Drusilla,
434 3598 524 3682 cujus
552 3618 633 3682 geas
660 3596 813 3659 naturalis
842 3597 976 3661 Claudia
1033 3601 1164 3665 lantiam
1219 3600 1330 3666 habuit
1387 3603 1535 3687 graviter
1588 3600 1769 3666 exercitam.

238 3707 318 3768 item
346 3705 424 3779 iuit,
453 3722 568 3765 acrum
597 3698 666 3780 ejus
693 3713 785 3781 patre
813 3699 846 3759 in
867 3700 978 3763 Livio·
1034 3703 1116 3765 Nam
1135 3723 1209 3766 cum
1227 3725 1264 3768 se
1282 3718 1376 3787 pater
1390 3706 1432 3771 L.
1446 3704 1592 3771 Antonio
1608 3702 1790 3790 applicui»,

237 3830 312 3871 rum
332 3805 485 3867 familiam
509 3801 659 3883 adoptato
681 3800 756 3863 huic
773 3822 814 3864 ex
832 3802 978 3885 adoptio·
1035 3818 1101 3882 set,
1133 3819 1230 3888 atque
1261 3807 1356 3891 liujus
1387 3806 1493 3869 turbis
1520 3820 1616 3892 capta
1641 3803 1773 3871 Parasi·

236 3911 287 3973 nis
307 3908 384 3989 lege
406 3905 614 3967 adnumerata
635 3898 697 3962 fuit
720 3904 759 3983 ¹).
797 3904 898 3967 Natus
927 3918 978 3967 est
1034 3904 1106 3967 finis
1137 3920 1224 3969 esset
1250 3908 1421 3991 impositus
1452 3909 1495 3975 V·
1517 3908 1556 3972 C.
1583 3906 1665 3989 713,
1702 3902 1775 3969 reli·

238 4009 381 4075 Aemilio
417 4005 565 4089 Lepido,
604 4013 638 4064 et
673 4004 818 4068 Munatio
854 4006 978 4070 Planco
1035 4007 1106 4092 quis
1133 4031 1152 4071 a
1178 4008 1320 4072 factione
1346 4009 1591 4074 discedentibus
1621 4008 1775 4075 dissidere

135 4166 140 4177 ,
237 4109 536 4189 caste-712,
566 4118 602 4168 ut
628 4127 670 4169 cx
697 4106 793 4183 actis,
821 4106 976 4195 fastisque
1034 4110 1105 4194 ipse
1130 4110 1170 4173 ab
1192 4110 1373 4177 Octaviano
1395 4112 1561 4195 perrexit,
1586 4114 1771 4200 bellumque

240 4213 376 4297 collegit
397 4207 571 4275 Suetonius
592 4206 647 4289 b),
678 4221 711 4270 et
741 4208 909 4293 colligitur
935 4232 977 4274 ex
1034 4234 1156 4276 norum
1193 4212 1228 4273 in
1270 4214 1443 4298 Campania
1488 4212 1654 4281 conflavit.
1710 4212 1773 4281 Sed

239 4315 370 4392 Tacito,
407 4312 463 4396 qui
492 4332 568 4374 eum
595 4311 636 4378 V.
659 4310 695 4372 C.
722 4331 785 4394 79⁰
814 4325 977 4376 mortuum
1034 4313 1117 4377 hano
1147 4334 1276 4400 qaoque
1304 4316 1487 4401 procellam
1515 4316 1687 4384 Octauiani
1710 4316 1773 4380 l'cr·

278 4588 310 4657 a)
331 4586 566 4652 suarinas
585 4578 850 4646 raciannaua.
925 4586 961 4661 a)
982 4587 1055 4664 cap.
1071 4600 1095 4653 5.
1170 4590 1202 4662 c)
1221 4589 1415 4663 suaviae.
1490 4574 1773 4663 dilatantem

245 4678 275 4747 e)
294 4676 374 4765 §uet
388 4674 408 4733 l.
421 4694 447 4734 c.
465 4677 523 4736 Dio
540 4675 572 4734 L.
582 4674 672 4738 LVII.
685 4676 712 4746 §·
724 4683 767 4739 18·
1494 4664 1507 4683 ⁵
