4012 5370
220 485 291 553 288
706 469 747 535 L.
781 463 1042 538 CLODIVS
1077 462 1288 537 Macen.

288 637 403 702 Fuisse
439 637 619 720 imperante
653 636 785 698 Nerone
820 634 968 697 Aviolam
1089 632 1190 698 blodo
1212 649 1351 719 uterque
1372 630 1427 695 hio
1447 651 1565 695 nnmns
1592 646 1705 699 cartae
1730 636 1770 700 sit

227 738 460 823 proconsulem
480 738 598 814 Asiae,
622 748 656 800 et
677 736 796 800 eodem
817 752 969 820 tempore
1026 734 1119 813 lidei;
1140 757 1214 800 nam
1229 748 1343 799 auctor
1359 747 1409 809 tot
1425 754 1517 797 raros
1535 734 1770 819 imperatorum

226 840 462 905 Aeohmoelem
481 840 607 924 Ephesi
630 842 869 922 magistratum,
899 859 972 901 eer-
1029 860 1145 901 numos
1163 836 1327 921 vulgando
1343 824 1535 920 suspicionis
1555 857 1671 901 causas
1693 838 1772 921 inje-

226 956 294 1005 tum
316 956 365 1005 eat
384 962 423 1005 ex
446 941 515 1005 aliis
533 941 658 1025 Ephesi
677 941 800 1015 numia,
830 962 912 1024 quos
936 941 970 999 in
1029 940 1082 1003 oit.
1113 939 1216 1016 Vide,
1241 959 1324 1024 qnae
1346 938 1487 1003 diximus
1502 940 1536 1001 in
1552 939 1701 1003 Achillei
1717 963 1772 1003 nu·

226 1043 322 1126 hujus
346 1042 434 1104 urbis
461 1056 589 1105 moneta
614 1043 861 1125 descripsimus,
887 1062 970 1125 quae
1029 1040 1088 1103 mis
1109 1039 1347 1104 Alexandrinis.

155 1170 160 1181 ·
227 1156 261 1207 et
287 1143 398 1218 unies,
429 1163 531 1224 eaque
560 1142 677 1207 idonea
707 1164 801 1206 causa
829 1157 896 1218 est,
927 1142 970 1204 ob
1291 1172 1310 1207 a
1396 1122 1415 1157 ⁴
1499 1170 1520 1205 e

229 1266 324 1328 quam
347 1243 382 1304 bi
401 1244 490 1305 numi
513 1245 588 1307 buic
610 1245 806 1308 Messalinae
825 1265 904 1327 prae
926 1245 972 1306 al·
1092 1243 1200 1305 Alium
1220 1242 1324 1307 edidit
1342 1244 1526 1316 Tristsnns,
1552 1244 1587 1303 in
1610 1260 1678 1327 qno
1700 1243 1774 1307 hine

229 1343 441 1417 teraclaudii
461 1344 625 1408 tribuendi
641 1345 715 1411 sint.
1029 1358 1133 1426 eaput,
1149 1358 1181 1406 et
1196 1344 1374 1429 epigraphe
1384 1344 1525 1408 Neronia
1541 1342 1657 1407 addito
1674 1344 1713 1406 L.
1722 1348 1775 1421 11„

1029 1444 1105 1506 inde
1131 1440 1474 1509 ΜΕΣΣΑΛΙΝΑΣ.
1498 1439 1777 1510 maziam.

480 1558 498 1594 ¹*
583 1512 602 1549 ⁴⁵
689 1559 709 1597 *
1029 1548 1154 1615 Verum
1175 1546 1204 1609 is
1226 1544 1343 1611 dubiae
1366 1561 1417 1610 est
1437 1546 1516 1610 iidai
1535 1546 1665 1611 arbitro
1684 1542 1780 1611 etism

289 1644 474 1711 NEPnN.
487 1643 822 1711 ΜΕΣΣΑΛΙΝυ·
841 1652 973 1711 Vtrius·
1028 1649 1144 1711 Patiuo
1160 1651 1200 1729 ¹).
1221 1648 1381 1725 Videtur,
1402 1662 1438 1710 nt
1454 1670 1501 1712 ox
1519 1650 1628 1713 numia
1643 1650 1781 1713 Alexan·

228 1772 291 1829 oue
311 1762 428 1832 eaput,
451 1748 485 1811 in
501 1771 600 1821 numo
616 1750 750 1835 Ephesi.
777 1750 914 1834 (Sontini
931 1752 971 1812 T.
1030 1750 1132 1813 drinis
1149 1748 1308 1814 similibus
1325 1750 1440 1835 colligi
1457 1764 1584 1835 potest,
1614 1752 1654 1815 in
1675 1751 1779 1817 endu

230 1852 285 1921 lv.
304 1872 335 1936 p.
350 1849 434 1932 113.)
789 1851 793 1859 ’
1024 1839 1102 1919 esse
1124 1867 1220 1937 capnt
1235 1850 1380 1932 Claudii,
1404 1855 1439 1915 in
1455 1854 1582 1938 postica
1602 1853 1673 1939 ipse
1691 1868 1778 1917 stans

290 1946 437 2019 ZTAT.
451 1946 716 2015 ΜΕΣΣΑΛ·-
738 1956 848 2029 Hujus
865 1968 976 2035 copul,
1032 1956 1224 2034 Messalina,
1254 1954 1313 2020 sed
1340 1956 1414 2032 illu,
1440 1976 1524 2041 quae
1545 1954 1674 2021 Claudii
1692 1976 1774 2020 uxor

226 2054 259 2113 in
280 2073 377 2113 trunto
397 2054 581 2135 Thyatirae.
605 2053 701 2127 libid.
720 2077 751 2136 p.
767 2057 850 2135 123.)
1033 2056 1105 2121 suit.

723 2306 759 2417 i.
795 2351 1042 2417 eroorrs
1078 2291 1287 2417 ruAca'a.

291 2526 395 2589 Caeso
411 2528 559 2609 Nerone,
578 2543 612 2594 et
630 2530 737 2595 oblata
752 2531 900 2613 pluribus
916 2552 973 2595 no·
1170 2534 1209 2594 L.
1240 2529 1387 2597 CLODI.
1417 2526 1566 2597 tatem.
1599 2534 1773 2599 unussa-

230 2627 328 2692 randi
350 2629 457 2712 eopia,
484 2631 619 2695 Clodius
636 2635 749 2696 Macer
771 2633 903 2699 Africae
927 2637 974 2699 le·
1174 2635 1289 2699 TRlX.
1322 2636 1357 2700 S.
1381 2636 1419 2699 G.
1473 2638 1584 2719 Caput
1621 2638 1777 2701 muliebre

232 2742 323 2812 gatus
353 2730 504 2815 legiones
533 2734 594 2797 sibi
624 2734 788 2818 adjunxit,
818 2736 976 2820 speravit·
1172 2737 1318 2821 Africae
1327 2738 1495 2817 elephanti
1501 2741 1639 2803 exuviis
1648 2752 1779 2803 tearum.

232 2853 316 2917 que,
351 2835 487 2899 retentis
517 2836 652 2900 navibus
683 2837 904 2902 frumentariis
938 2859 973 2902 so
1031 2823 1171 2901 LEGE.
1188 2838 1428 2903 MACRIANA.
1443 2838 1529 2903 LIB.
1559 2839 1778 2923 masidam.

232 2932 349 2997 urbem
371 2935 422 2997 rei
442 2939 637 3003 annonariae
659 2939 796 3022 penuria
824 2943 859 3003 in
887 2954 978 3022 pote·
1035 2940 1104 3003 AR.
1127 2937 1252 3019 (libell.
1269 2937 1437 3021 supplem.
1457 2938 1498 3003 ad
1515 2940 1616 3007 Vsill.
1635 2958 1720 3025 pm
1738 2960 1778 3003 ex

232 3048 348 3099 statem
386 3038 607 3104 redacturum.
658 3029 768 3102 lllum¹
791 3041 976 3105 turbantem
1034 3058 1148 3102 museo
1165 3039 1257 3101 Com.
1273 3040 1414 3116 Armati,
1435 3060 1523 3105 nuno
1538 3042 1734 3123 Caesareo.)

233 3138 416 3205 Trebonius
440 3141 641 3206 Garueianus
666 3156 862 3225 procurator
886 3143 976 3226 jussu
1173 3141 1213 3203 L.
1226 3138 1374 3206 CLODI.
1386 3142 1779 3207 neellamitem.

233 3240 356 3305 Galbae
377 3241 543 3307 interemit
559 3241 602 3327 ¹³).
1175 3241 1209 3303 S.
1226 3240 1262 3329 C.
1287 3244 1395 3327 Caput
1413 3246 1561 3329 Africae
1578 3245 1702 3309 simile.

632 3352 634 3356 ’
1032 3343 1132 3415 LEG.
1145 3345 1200 3408 111.
1218 3342 1320 3413 AVG.
1341 3346 1474 3425 Aquila
1489 3346 1686 3429 legionario
1699 3348 1780 3408 ieter

1032 3450 1098 3510 duo
1116 3451 1214 3529 signo
1235 3447 1408 3512 militaria.
1440 3446 1512 3510 an.
1537 3444 1696 3527 (Metalli
1714 3446 1779 3511 be.

1029 3569 1117 3613 num.
1134 3569 1182 3627 ¹7·
1211 3546 1405 3615 Vsillantius
1429 3545 1464 3609 in
1490 3544 1594 3611 simili
1619 3546 1706 3633 legit
1726 3548 1779 3611 Ll-

392 3649 436 3712 L.
459 3646 603 3712 CLODI.
622 3650 769 3714 albem.
790 3651 823 3716 S.
839 3651 874 3714 (Ι.
899 3652 976 3713 Mu·
1031 3648 1151 3711 BERA
1168 3648 1202 3711 in
1222 3647 1359 3733 Segaini
1374 3646 1489 3711 Numis
1507 3650 1570 3715 sel.
1588 3652 1730 3735 plato.)

397 3750 461 3810 Iler
477 3762 570 3812 stans
590 3754 620 3812 d.
636 3755 761 3833 pileum
781 3754 974 3828 libertatis,
1173 3751 1213 3817 L.
1230 3752 1266 3816 C.
1286 3750 1433 3815 MACRI.
1454 3750 1489 3815 8.
1507 3751 1546 3819 C.
1583 3753 1696 3837 Caput
1718 3750 1779 3815 leo·

395 3872 421 3912 s.
436 3864 598 3930 poteram.
1173 3856 1227 3915 nis
1244 3855 1360 3917 bionte
1375 3856 1475 3917 rictu.

236 3936 381 4015 LEGE.
404 3952 746 4016 LlB.b1bCRleA.
778 3956 910 4035 Aquila
931 3955 976 4016 le·
1031 3953 1131 4019 LEG.
1144 3956 1197 4017 111.
1214 3954 1297 4015 LIB.
1313 3952 1416 4021 AVG.
1440 3952 1576 4035 Aquilo
1593 3952 1779 4035 legionaris

232 4056 392 4141 granaria
407 4056 495 4113 inter
511 4054 575 4113 duo
592 4059 690 4131 signo
706 4057 883 4118 militaria.
905 4057 976 4120 AR.
1036 4060 1123 4119 inter
1140 4058 1205 4117 duo
1224 4061 1322 4137 signo
1339 4056 1517 4119 militaria.
1538 4052 1615 4119 All.
1631 4050 1779 4139 (numdi

235 4151 354 4233 (Patin.
403 4150 444 4214 ad
494 4154 644 4217 Suetonii
685 4153 820 4219 Galbam
869 4178 898 4222 e.
927 4179 976 4221 ιι.
1035 4159 1058 4223 1.
1070 4177 1098 4223 e.
1120 4176 1208 4222 num.
1224 4157 1270 4220 aa.
1295 4153 1400 4223 Liebe
1418 4154 1517 4219 Goth.
1537 4176 1631 4222 num.
1647 4176 1682 4239 p.
1693 4156 1780 4233 aab.)

236 4257 372 4321 Metelli
404 4256 437 4317 in
467 4255 607 4322 Miscell.
638 4254 739 4319 famil.
772 4258 835 4320 tab.
857 4260 913 4327 Vl.
944 4280 976 4320 n.
1174 4259 1213 4323 1..
1233 4256 1557 4321 chonradum.
1583 4256 1781 4341 caperata·

240 4360 307 4441 ro.)
1003 4432 1006 4441 Ι
1176 4364 1225 4422 cri
1245 4362 1379 4423 nudum.

531 3480 677 3546 Numi:

273 4620 304 4677 at
324 4619 372 4675 Ad
388 4620 468 4679 Suet.
485 4622 516 4678 in
531 4620 649 4679 Nerone
667 4639 731 4696 cap.
742 4632 786 4683 35.
896 4620 931 4691 b)
952 4621 1030 4677 Suet.
1046 4619 1076 4675 iu
1094 4616 1191 4675 Galba
1208 4631 1287 4677 o.sl.
1306 4616 1490 4705 Tseitpllist.
1501 4618 1522 4675 l.
1536 4630 1564 4679 t.
1583 4614 1737 4677 Plutarch.
1753 4618 1783 4673 in

156 4744 159 4751 -
238 4705 343 4763 Galba.
