4012 5370
317 461 444 580 'arr
900 481 1385 558 ιιιιιιιιιο.

341 666 465 790 'quae
481 697 636 762 veram
635 675 856 753 monetam
874 690 897 746 a
922 661 1275 748 contorniatorum
1295 651 1496 746 sordibus
1511 659 1776 750 discriminet
1806 663 1910 749 Fac·
1990 703 1992 707 ⁴

355 825 445 898 tum
476 810 604 894 etiam
631 793 951 913 nonnunquam,
989 814 1048 884 ut
1067 779 1318 886 adderentur
1351 803 1568 886 observata
1593 800 1713 908 falsa,
1757 801 1909 915 quibus

338 962 469 1033 'caret
495 946 629 1060 prima
656 939 792 1027 editio.
831 938 899 1025 Sic
917 966 1008 1051 pag
1020 944 1106 1027 515
1123 934 1234 1052 legas
1260 939 1485 1027 monitum:
1523 935 1659 1020 Numi
1677 931 1915 1048 Elagaboli
1949 1034 1956 1043 ,

357 1109 453 1165 cum
467 1081 552 1163 ΤΒ.
576 1077 620 1160 Ρ.
643 1074 687 1158 V.
703 1075 813 1159 COS.
829 1070 904 1161 1111.
929 1076 1003 1155 vel
1014 1073 1228 1192 *mendosi
1256 1074 1332 1172 uel
1354 1073 1589 1157 adulterini
1605 1092 1831 1186 putantur,
1863 1079 1916 1163 de

354 1216 743 1340 qarorum'dubitare
762 1211 989 1315 numorum
1008 1216 1205 1323 veritate,
1235 1218 1307 1331 qui
1327 1216 1437 1303 obvii
1458 1211 1576 1326 sunt,
1602 1233 1818 1305 auctorem
1844 1250 1910 1306 ar-

338 1350 443 1477 ignit
461 1387 564 1444 sane
586 1354 841 1469 imperitum·
864 1353 1054 1466 Denique
1077 1355 1271 1468 exiguam
1289 1352 1430 1439 hercle
1452 1383 1476 1436 a
1500 1356 1618 1441 nobis
1643 1356 1810 1443 editor
1796 1344 1916 1445 inivit

335 1499 566 1613 ·gratiam,
585 1492 750 1607 quando
774 1493 938 1576 intactis
962 1491 1141 1576 auctoris
1170 1519 1236 1574 sur
1224 1490 1415 1575 mendis
1437 1521 1521 1576 non
1543 1497 1706 1610 curavit
1726 1494 1915 1582 inserere

354 1663 501 1719 numos
530 1629 923 1785 praestantissimoS,
954 1629 1026 1741 qui
1053 1627 1151 1712 inde
1183 1656 1206 1710 a
1235 1628 1403 1740 vulgato
1434 1600 1696 1725 Mediobarbi
1726 1632 1913 1747 catalogo

352 1773 491 1854 lucem
508 1768 674 1877 videre,
703 1766 845 1852 avitis
849 1760 1125 1872 illustribus,
1154 1761 1381 1850 Morellio
1368 1791 1413 1849 ιιι
1433 1755 1690 1879 Specimine,
1716 1768 1915 1879 Hayrnio‚

353 1906 584 2014 Bandurio,
613 1895 787 2017 aliisquo
806 1932 904 1988 cum
927 1902 1090 1987 erudito
1115 1904 1216 1987 orbe
1245 1889 1552 2000 communicati.
1582 1904 1650 1988 Ex
1679 1933 1763 2017 quo
1792 1935 1916 2020 appa·

198 2055 201 2065 '
353 2059 440 2151 ret,
472 2072 599 2157 quam
622 2040 754 2126 futilia
781 2042 862 2126 sint
881 2040 950 2123 ilia
968 2039 1189 2153 promissa,
1220 2040 1327 2153 quae
1346 2041 1562 2154 Argeiatus
1588 2042 1633 2126 in
1652 2042 1914 2127 Mediobarbi

337 2190 344 2264 .’
353 2210 419 2273 sur
405 2179 625 2265 redivivi
639 2179 785 2283 fronte
800 2191 917 2263 tanto
938 2195 1037 2261 cum
1057 2176 1176 2261 hiatu
1194 2178 1338 2262 lectori
1361 2179 1578 2289 exposuit,
1608 2206 1820 2292 quamque
1841 2208 1914 2293 pa-

339 2349 449 2405 rum
472 2346 581 2404 novo
611 2314 699 2401 hoc
724 2319 923 2428 apparatu
951 2314 1238 2457 promovendis
1263 2315 1460 2401 scientiae
1489 2328 1655 2404 nostrae
1679 2317 1911 2402 commodis

310 2474 327 2488 ‘
353 2457 592 2542 constitum
614 2453 748 2539 suerit

333 2640 374 2707 f
396 2593 549 2678 Νοιι
558 2589 755 2707 majorem
770 2566 1041 2678 Mediobarho
1065 2594 1190 2679 iidem
1219 2607 1431 2680 merentur
1457 2593 1510 2702 ii,
1550 2593 1623 2707 qui
1650 2619 1799 2677 munos
1823 2596 1910 2677 Au·

353 2744 569 2847 gustorum
585 2744 684 2813 aut·
699 2756 752 2813 ex
784 2727 1010 2845 corruptis,
1052 2745 1126 2816 aut
1160 2732 1305 2816 saltem
1335 2731 1456 2817 valde
1487 2731 1688 2845 suspectis
1721 2730 1908 2816 fontibus

203 2933 204 2936 ι
342 2871 559 2976 hausere„
578 2867 770 2953 videlicet
801 2896 854 2951 ex
885 2870 1072 2975 Goltzio,
1102 2868 1259 2979 Pyrrho
1287 2869 1478 2984 Ligorio,
1506 2870 1679 2978 lacobo,
1709 2881 1753 2954 et
1784 2870 1911 2952 Octa*

338 3010 418 3095 ·.vio
440 3009 494 3093 de
512 3005 681 3112 Strada,
708 3018 750 3090 et
773 3007 998 3112 similibus,
1028 3035 1130 3120 quos
1151 3007 1260 3091 inter
1281 3006 1399 3090 farere
1413 3006 1678 3092 Sebastianus
1698 3006 1908 3111 Erizzus,
1971 2996 1974 3000 '

351 3147 522 3231 Carolus
544 3145 713 3225 Petinus
741 3142 785 3224 in
804 3144 999 3227 Suetonio
1025 3172 1123 3249 suo,
1153 3142 1384 3228 [oachimus
1404 3143 1658 3252 Oudaanus,
1691 3157 1734 3229 et
1755 3143 1827 3257 qui
1859 3143 1904 3226 in

337 3282 474 3396 ¹hujus
510 3279 672 3364 tabulas
704 3292 1007 3363 commentatus
1038 3294 1122 3387 est,
1158 3281 1330 3365 lacobus
1356 3281 1560 3391 orselius,
1609 3283 1761 3397 quibus
1800 3279 1908 3376 adde

338 3417 469 3501 .lVros
502 3416 697 3501 loannem
724 3416 1028 3525 Hemelarium,
1069 3417 1288 3503 Albertum
1315 3419 1580 3527 Rubenium,
1617 3419 1816 3505 iacobum
1842 3417 1911 3500 Bi·

276 3619 280 3628 .
340 3584 488 3664 ⁸aeum,
514 3554 1031 3668 LaurentimnBegerum,
1061 3555 1133 3667 qui
1155 3583 1319 3662 numos,
1343 3571 1392 3642 ut
1420 3557 1553 3672 ajunt,
1582 3559 1774 3644 aCarolo
1802 3557 1910 3644 duce

337 3696 537 3804 .Croyaco
581 3707 623 3779 et
659 3692 1156 3805 Arscbotanocongestos,
1194 3692 1381 3800 edidere,
1422 3694 1532 3809 quod
1567 3695 1779 3781 arlsertum
1806 3696 1911 3781 mihi

338 3832 473 3944 plane
495 3829 686 3914 mirabile
712 3829 900 3936 videtur,
926 3829 1124 3942 quia'hos
1142 3830 1250 3916 inter
1275 3832 1427 3916 multos
1453 3834 1632 3945 reperias
1659 3860 1773 3918 mere
1795 3835 1911 3947 Golt-

340 3968 506 4051 ›zianos
534 3971 671 4080 Atque
686 3950 990 4078 >horum'opera
1015 3981 1128 4052 tanto
1154 3969 1322 4081 pronius
1348 3984 1522 4084 possunt
1555 3972 1600 4076 in
1623 3972 1812 4057 fraudem
1848 3972 1910 4056 in·

353 4105 532 4213 ducere,
560 4105 656 4216 quia
683 4104 911 4189 omiserunt
931 4103 1106 4211 indicia,
1137 4107 1287 4218 quibus
1307 4137 1519 4220 possemus
1545 4110 1739 4193 certiores
1764 4109 1909 4215 reddi,

340 4271 453 4354 ‚rpros
477 4270 626 4325 numos
638 4241 816 4325 viderint
839 4239 932 4352 ipsi,
962 4268 1064 4352 quos
1089 4228 1299 4350 aliorsum,
1329 4259 1370 4331 et
1394 4277 1417 4329 a
1441 4248 1593 4360 quibus
1616 4246 1698 4332 sint
1720 4245 1908 4348 mutuati,

194 4447 200 4459 ,
353 4380 420 4461 Sic
447 4411 485 4466 v.
502 4410 536 4465 c.
565 4377 822 4496 ignorarem,
860 4377 974 4460 unde
1003 4378 1233 4470 Oudaanus.
1265 4410 1360 4465 suos
1390 4383 1575 4469 hauserit
1612 4413 1784 4490 numos,
1833 4381 1910 4466 uisi

289 4592 295 4604 .,
351 4514 525 4624 Oiseiius
551 4544 696 4601 eorum
720 4516 920 4626 interpres
944 4504 989 4595 in
1011 4516 1262 4624 praefatione
1285 4518 1511 4637 dejeraret,
1540 4551 1593 4605 ex
1614 4522 1910 4632 probatissimis
1929 4494 1937 4518 ³

349 4642 439 4736 illos
465 4651 544 4737 lide
577 4655 796 4769 dignoraun
827 4652 1155 4765 antiquariorum
1184 4659 1376 4766 operibus
1412 4660 1538 4774 firisse
1562 4660 1769 4765 selectos,
1809 4689 1909 4772 quos
