3998 5340
150 427 153 432 ‘
210 469 282 536 ooo
891 441 1075 518 meve.

217 620 371 692 Honora,
407 615 599 679 dissertatio
631 611 861 694 apologetico,
893 632 959 691 ouo
1014 607 1163 673 leborem
1180 619 1235 670 aut
1253 623 1385 681 ectum,
1407 598 1467 690 qai
1482 605 1574 669 nemi
1589 603 1765 693 antimiu-

218 723 329 794 oener’,
354 730 389 780 et
404 716 513 789 unici,
538 717 718 793 Vespasiae
735 715 850 775 Pollae
866 716 960 776 numi
1013 724 1081 776 tem
1099 707 1248 794 aggreaai
1265 720 1340 771 eunt
1355 705 1542 785 vindicem,
1561 720 1767 785 autenm,

217 822 421 898 antiquitas,
459 825 494 876 et
523 816 704 894 integritas
737 815 956 875 vindicantur.
1014 811 1070 897 qui
1085 831 1249 885 mercem,
1272 826 1356 891 qnae
1378 808 1508 893 obiecta
1532 810 1639 883 ocnlia
1660 810 1766 874 conti·

218 920 433 985 Vindobonue
452 912 544 995 2766.
565 913 682 974 Parnm
701 932 742 984 co
763 932 866 996 opere
884 933 959 996 pro·
1014 931 1081 973 nuo
1114 908 1286 994 pudentior
1318 909 1436 984 robam
1464 909 1589 976 vibicee
1617 913 1768 996 apernit,

215 1020 309 1084 batua
331 1016 421 1080 numi
446 1013 569 1080 candor
592 1012 750 1079 advenae
775 1013 958 1077 sententiae
1015 1013 1145 1096 dignam
1159 1010 1361 1096 judicavere,
1377 1010 1432 1075 cui
1447 1011 1672 1098 repudiandae
1686 1032 1768 1097 ope·

215 1122 363 1208 petronia
385 1114 575 1192 videbatur,
596 1127 811 1198 exortumque
834 1113 960 1177 bellum
1014 1135 1072 1178 rae
1099 1115 1240 1198 pretium
1268 1123 1358 1175 emet
1381 1111 1559 1181 immorari.
1605 1113 1768 1178 catam

215 1223 305 1285 inter
321 1233 430 1304 partes
448 1229 559 1291 atrox,
583 1215 688 1298 quod,
714 1227 750 1278 nt
768 1213 842 1276 lieri
863 1214 959 1291 aolet,
1015 1213 1083 1275 vidi
1105 1214 1193 1277 olim.
1206 1234 1282 1278 cum
1304 1212 1389 1298 aputl
1407 1216 1520 1305 noeip
1537 1233 1654 1280 muco
1671 1215 1771 1279 Ilota-

217 1325 305 1386 inter
334 1317 546 1383 contumelias
576 1315 761 1399 gerebatur.
807 1315 960 1378 Pluribus
1017 1314 1161 1391 leriano,
1177 1326 1245 1377 tum
1261 1314 1295 1375 in
1312 1314 1409 1379 variie
1425 1336 1486 1401 pet
1500 1315 1627 1380 ltaliam
1642 1318 1770 1381 ηυώ

217 1435 293 1506 poet
308 1420 414 1494 annia,
435 1430 646 1501 posteaquam
660 1415 840 1480 diecesanm
855 1416 895 1479 ab
912 1437 961 1479 ar·
1019 1414 1143 1479 timilee
1159 1415 1255 1500 bujue
1272 1415 1387 1479 Pollae
1403 1436 1535 1495 numoa,
1561 1417 1623 1481 aed
1641 1418 1707 1482 lton
1725 1437 1770 1482 ex

218 1523 362 1595 mineat,
380 1515 578 1583 sataleiatud
595 1515 777 1596 cimelium,
796 1517 876 1582 tanti
891 1537 965 1581 cau·
1022 1535 1138 1580 eornm
1157 1537 1288 1605 quoqne
1304 1515 1480 1595 terrentia,
1502 1536 1644 1604 quom
1662 1519 1774 1596 inae,

219 1646 286 1688 aam
310 1619 501 1698 moliminia,
527 1632 561 1684 et
576 1618 713 1696 barum,
742 1618 846 1684 oculie
861 1618 965 1682 intue-
1022 1620 1151 1700 epurioa
1186 1618 1334 1705 agnitor,
1373 1631 1410 1681 ut
1439 1616 1523 1683 adeo
1556 1639 1660 1684 numo
1694 1619 1773 1684 brie

218 1727 250 1789 ri
266 1744 375 1790 coram
394 1723 503 1797 licuit,
527 1741 565 1786 ec
580 1733 649 1784 tnm
668 1719 817 1785 dubitare
836 1740 964 1784 mecum
1021 1719 1209 1783 Haueriano
1244 1739 1287 1783 ne
1321 1715 1405 1780 illud
1435 1718 1568 1804 quidem
1597 1720 1771 1797 eolatlu,

220 1829 290 1912 ipae
309 1826 421 1911 coepi,
447 1822 595 1907 maglano
613 1821 833 1888 minorandum
850 1835 968 1908 putem
1022 1839 1096 1885 enee
1112 1839 1147 1886 ee
1164 1819 1312 1901 unicum,
1332 1817 1498 1907 reliquum
1516 1821 1569 1893 ait.

607 2170 642 2236 Τ.
682 2167 933 2234 FLAVIVS
971 2167 1387 2237 VESPASIANVS.

287 2356 381 2418 Titne
401 2365 495 2417 natna
517 2365 567 2417 ett
589 2352 715 2415 Romae
734 2351 788 2411 111.
806 2347 877 2412 ΚΑΙ.
899 2349 964 2411 len.
1023 2349 1257 2432 Veepaaiannm
1272 2350 1450 2415 meditante
1468 2350 1542 2435 ipae
1554 2322 1768 2417 conciliorum¹

225 2456 267 2522 V.
296 2455 331 2516 C.
374 2463 437 2535 794
480 2437 592 2515 metrc⁸
626 2449 739 2514 Flavia
781 2448 968 2526 Domitilla,
1025 2451 1113 2513 inter
1128 2464 1302 2535 utrumque
1318 2450 1455 2515 nunciue
1471 2450 1606 2539 eretitit,
1621 2449 1769 2515 dumie-

225 2553 443 2651 edpacatnaqne
469 2575 531 2616 una
555 2552 617 2615 snit
639 2572 723 2634 puer
746 2570 820 2614 cnm
842 2549 968 2612 Brir'an·
1027 2550 1126 2633 nique
1143 2564 1236 2634 pater
1253 2574 1272 2616 a
1288 2552 1449 2638 propriia,
1474 2573 1511 2617 ac
1531 2551 1770 2638 provinciarum

224 2658 299 2719 nico
323 2657 364 2737 ¹).
402 2655 506 2718 Patrio
527 2654 561 2716 in
587 2651 812 2731 Germaniam,
841 2665 875 2715 ct
898 2651 972 2713 Bri·
1028 2652 1207 2717 vicinarum
1231 2652 1417 2738 legionibua
1438 2653 1617 2742 imperator
1636 2673 1699 2738 pro
1717 2653 1774 2721 Vt·

226 2756 365 2822 uoniam
387 2776 496 2821 comee
520 2755 673 2821 virtutem
699 2776 813 2830 enum,
837 2751 978 2818 animum
1034 2753 1128 2818 tellio
1148 2753 1395 2822 acclamaretur.

218 2859 447 2943 intrepidum,
479 2878 516 2922 ec
542 2858 696 2943 pietatem
723 2856 843 2943 inaipni
880 2856 979 2919 docn-

232 2977 344 3024 mento
375 2982 459 3045 puer
488 2959 653 3044 probavit,
687 2978 760 3021 cnm
789 2959 822 3019 in
852 2958 979 3018 Britan·
1225 2961 1266 3024 V.
1284 2958 1320 3024 C.
1336 2957 1398 3022 Bne
1419 2959 1456 3023 P.
1473 2955 1519 3021 Χ.
1538 2954 1591 3040 ⁶9.

232 3063 286 3124 nie
310 3075 468 3144 perrupto
490 3061 703 3123 barbarorum
727 3059 826 3140 globo
851 3070 978 3140 petrem
1040 3075 1245 3142 CAESAR·
1278 3075 1431 3153 pam,
1464 3072 1653 3142 1772st
1687 3076 1782 3143 ωε,

233 3162 491 3244 periclitantem,
527 3182 563 3224 ac
593 3161 655 3240 jum
682 3178 787 3249 poene
815 3157 978 3239 captivum
1355 3194 1462 3260 DE&

231 3262 385 3324 liberarit
404 3259 447 3342 b).
479 3261 608 3321 Patrem
627 3281 645 3320 a
663 3259 796 3321 Nerone
818 3258 908 3320 bello
928 3260 979 3320 lu·

235 3362 329 3426 deice
353 3360 555 3445 praelectum
578 3360 764 3433 udaecutne,
789 3356 978 3440 legionique
1101 3360 1193 3424 Titne
1208 3360 1358 3445 prolecto
1374 3361 1416 3425 ad
1432 3358 1659 3426 stabiliendum
1679 3362 1780 3446 impe·

234 3463 455 3548 praepositae,
490 3461 718 3537 Tarichaeam,
752 3474 786 3523 et
814 3460 979 3524 Gamalam
1037 3460 1121 3523 rium
1141 3476 1232 3546 patre
1253 3462 1431 3527 aubaiatere
1451 3464 1484 3527 in
1500 3460 1619 3526 ledaea
1637 3461 1679 3525 ad
1698 3461 1780 3527 banc

233 3565 334 3629 nrbes
368 3562 505 3628 ludaeee
535 3562 746 3629 velidieeimaa
772 3559 807 3623 in
838 3573 980 3644 potente·
1037 3562 1292 3646 perdomandam
1316 3562 1458 3645 jubetur.
1487 3564 1569 3626 Fine
1590 3562 1667 3626 anni
1685 3582 1780 3629 caeno

236 3681 303 3731 tem
322 3665 453 3752 redegit
468 3669 509 3746 e).
539 3667 690 3729 Exeunte
705 3663 845 3729 annot.
862 3662 898 3726 C.
915 3662 973 3727 θοι
1036 3663 1173 3730 Vitellio
1189 3687 1208 3729 a
1224 3677 1337 3728 aenatn
1350 3666 1481 3742 Caeaar,
1496 3666 1651 3751 princepe
1666 3669 1777 3750 juren-

235 3771 353 3830 miaaue
381 3789 400 3829 a
427 3780 518 3849 patre
548 3766 588 3828 ed
616 3764 818 3828 salutandum
843 3762 978 3826 Galbam
1035 3765 1128 3844 tutia,
1158 3765 1323 3849 patriaque
1355 3767 1390 3828 in
1416 3766 1585 3831 conanlatn
1612 3767 1778 3853 aequati·

236 3867 321 3951 apud
339 3867 530 3928 Corinthum
554 3885 671 3928 necem
692 3864 830 3941 Galbae,
855 3879 889 3928 et
912 3885 979 3926 mo·
1036 3868 1111 3929 anni
1129 3865 1266 3946 conlega
1285 3862 1475 3949 deriguntur
1489 3869 1530 3950 e).

237 3983 290 4031 tna
307 3967 433 4032 Vitellii
455 3965 617 4047 intelligit.
640 3964 751 4059 Quare
768 3965 905 4030 coneilio
923 3986 980 4048 op-
1292 4011 1312 4048 ,
1395 3966 1415 4002 ⁸
1498 4017 1518 4054 ,

238 4083 377 4153 portuno
404 4080 525 4129 mutato
552 4087 627 4128 mor
653 4066 694 4128 ad
719 4080 845 4151 patrem
871 4085 982 4129 rever·
1022 4085 1029 4098 ·
1103 4063 1154 4126 ad
1169 4066 1255 4129 bnnc
1269 4086 1399 4143 annum,
1416 4072 1479 4134 etei
1493 4083 1688 4157 toquentem
1704 4091 1781 4158 quo·

240 4173 319 4233 titur
338 4169 379 4249 ιι).
403 4169 580 4231 Crescente
599 4168 723 4230 interca
742 4167 980 4250 provinciarum
1039 4186 1103 4250 qne
1126 4184 1191 4230 non
1208 4167 1366 4245 abnuant,
1387 4171 1509 4236 relerri
1533 4186 1669 4257 pomum
1690 4174 1780 4238 nemi

148 4338 155 4348 ‚
241 4273 274 4332 in
302 4271 470 4338 Vitellium
498 4268 588 4342 odio,
625 4282 660 4330 et
688 4267 838 4330 Muciano
869 4268 982 4348 Syriae
1039 4267 1146 4343 aurei,
1171 4281 1205 4330 at
1224 4270 1409 4354 argenteia
1431 4294 1484 4337 me
1505 4296 1601 4359 anpra
1622 4278 1656 4337 in
1677 4275 1782 4339 nnmle

239 4388 307 4434 tum
344 4372 495 4455 praecide
529 4370 708 4434 tranelerre
740 4368 912 4450 imperium
949 4367 982 4428 in
1040 4367 1231 4450 vespasiani
1259 4373 1301 4434 ad
1333 4374 1374 4438 V.
1394 4374 1430 4437 G·
1460 4375 1541 4451 Oen,
1571 4388 1604 4438 et
1634 4374 1698 4440 0¹3
1727 4375 1781 4439 ‹le-

278 4556 528 4632 esttecum
603 4557 639 4627 b)
659 4555 714 4611 Dio
729 4553 828 4611 hUl.
844 4557 922 4627 §.so
997 4558 1027 4623 c?
1048 4554 1128 4611 Suet.
1146 4573 1207 4616 co.
1282 4557 1317 4612 d‘·
1337 4561 1428 4616 Tacit.
1446 4561 1566 4620 ilisall.
1581 4579 1604 4624 t.
1624 4563 1704 4620 Suet.
1720 4574 1771 4625 cs

245 4645 351 4719 lou-ph
365 4647 396 4703 B.
413 4647 433 4706 l.
450 4647 478 4701 l..
492 4647 538 4704 lv.
556 4665 581 4705 c.
592 4659 617 4721 9.
633 4646 657 4717 l
668 4657 696 4707 20
767 4654 797 4715 ej
817 4644 913 4702 Tacit.
