4012 5370
226 533 230 553 ν
318 511 357 568 tv
514 501 518 508 '
865 503 1349 580 PRAEFATIO.

319 697 410 797 Qua
430 663 509 766 illa
539 661 664 766 laude
693 660 1031 793 praecedentium
1055 706 1299 793 regnorum,
1329 679 1407 762 etsi
1436 679 1755 767 clarissimorum
1787 703 1899 769 mo-'

319 836 458 906 netam
488 822 610 932 longe
634 794 827 930 superat,
859 844 966 928 quae
989 816 1060 899 vix
1088 816 1171 899 ullo
1203 815 1255 897 ad
1282 815 1495 900 historiam
1518 815 1701 904 subsidio
1725 791 1874 904 eodem

320 961 407 1041 lere
430 971 593 1041 tantum
622 967 866 1067 argumento
894 964 1137 1062 occupatur,
1167 952 1224 1033 sic
1253 967 1300 1034 ut
1331 969 1551 1066 conspecto
1576 985 1660 1040 uno
1691 959 1877 1069 ejusdem

262 1164 270 1186 ,
320 1097 427 1207 regis
451 1122 577 1177 numo
603 1107 645 1176 te
672 1095 759 1200 ejus
792 1117 933 1170 omnes
959 1086 1111 1170 vidisse
1135 1088 1264 1199 possis
1300 1090 1499 1174 arbitrari.
1544 1085 1696 1176 Confer
1730 1124 1877 1177 numos

322 1230 501 1341 Philippi
516 1231 582 1332 ll.,
616 1224 834 1321 Alexandri
854 1223 933 1324 M,
956 1223 1581 1334 Ptolemaeorum,hysimaclri‚
1610 1230 1879 1343 aliorumque.

323 1372 512 1449 Aetatem
537 1390 636 1448 vero
663 1360 907 1466 numuruni,
936 1358 1015 1442 etsi
1042 1388 1127 1444 non
1151 1388 1314 1472 semper
1334 1361 1470 1472 ipsum
1492 1390 1649 1446 annum
1676 1381 1879 1475 tenemus

322 1503 381 1587 sic
409 1515 550 1585 tamen
576 1499 776 1581 habemus
805 1496 1035 1602 definitam,
1064 1510 1113 1580 ut
1136 1497 1238 1580 certi
1272 1526 1361 1580 esse
1384 1498 1615 1609 possimus,
1645 1531 1790 1585 eorum
1810 1536 1883 1587 na-

321 1641 424 1726 tales
455 1635 705 1721 codrcendos
728 1634 839 1722 intra
865 1649 1056 1744 tempus,
1084 1662 1165 1745 quo
1186 1633 1220 1715 is
1253 1633 1426 1745 imperio
1458 1637 1655 1746 praefuit,
1686 1641 1803 1753 cujus
1837 1643 1882 1722 in

324 1778 375 1861 iis
399 1779 535 1886 imago
565 1772 799 1855 exhibetur.
830 1769 911 1856 Sed
932 1783 974 1854 et
986 1767 1106 1851 istud
1126 1769 1296 1878 animo,
1315 1769 1388 1883 qui
1404 1772 1553 1860 veteris
1579 1774 1671 1857 aevi
1691 1777 1885 1860 recorda·
1978 1818 1982 1821 -

324 1888 437 1997 tione
465 1895 659 1996 suaviter
677 1906 887 2013 adficitur,
914 1937 999 1989 non
1024 1906 1238 2017 vulgarem
1275 1905 1399 1991 debet
1415 1907 1587 1991 ,adferre
1616 1912 1884 2022 voluptatem,

323 2029 439 2163 ¹quod
469 2021 574 2129 haec
603 2043 838 2156 principum
859 2045 1137 2130 Romanorum
1162 2043 1287 2127 series
1317 2043 1416 2128 inde
1446 2045 1590 2129 alulio
1610 2049 1785 2131 Caesare
1815 2080 1885 2133 us-

327 2214 408 2301 que
443 2184 496 2267 ad
525 2195 781 2296 postremum
814 2180 1131 2291 Constantinum
1154 2207 1230 2290 per
1260 2182 1426 2264 saecula
1452 2183 1620 2266 omnino
1646 2184 1729 2308 ΧΥ.
1753 2186 1885 2298 porri-

327 2323 457 2437 gitur,
487 2334 529 2404 et
558 2318 817 2431 singulorum
848 2319 967 2400 offert
990 2312 1216 2428 imagines,
1243 2331 1284 2401 et
1305 2317 1394 2430 ipsa
1420 2320 1548 2404 oculis
1575 2320 1718 2429 fidele,
1749 2323 1886 2406 incor-

329 2472 585 2569 ruptumque
618 2453 903 2565 testimonium
935 2454 1077 2565 objicit
1110 2454 1283 2535 maximi
1318 2455 1417 2539 olim
1445 2486 1519 2568 per
1549 2459 1694 2541 orbem
1724 2459 1887 2571 imperii

329 2594 542 2707 paullatim
567 2598 676 2680 mole
696 2622 771 2676 sua
790 2588 1013 2674 laborantis
1040 2587 1375 2702 deficientisque,
1407 2622 1456 2675 ac
1484 2593 1661 2708 denique
1685 2596 1729 2678 in
1754 2610 1888 2695 extre-

332 2760 445 2814 mam
474 2732 730 2839 harbariem,
758 2727 939 2840 artisque
957 2726 1112 2812 veteris
1125 2725 1382 2811 oblivionem
1411 2731 1598 2843 prolapsi.

325 2968 328 2973 Ι
416 2871 551 2979 Atque
575 2870 681 2953 haec
698 2881 785 2951 tam
804 2879 941 2971 vasta,
971 2876 1059 2946 tam
1086 2862 1170 2945 late
1195 2877 1339 2975 patens
1360 2881 1553 2952 monetae
1574 2870 1725 2953 veteris
1747 2868 1885 2950 classis

333 3037 429 3089 cum
450 3035 534 3087 non
558 3004 682 3088 modo
700 2994 947 3116 philologiae
969 2997 1115 3083 studiis
1133 2999 1382 3112 amplissima
1402 3003 1559 3089 adferat
1581 3005 1787 3111 subsidia,
1817 3005 1889 3086 sed

333 3140 459 3225 etiam
489 3138 741 3252 antiquitatis
772 3131 1009 3247 ,cognitione
1043 3135 1219 3221 delectet
1249 3138 1456 3247 animum,
1485 3139 1727 3244 incredibile
1761 3141 1887 3247 dictu,

335 3290 490 3389 quanta
520 3262 745 3387 cupiditate
769 3272 868 3356 inde
902 3300 926 3353 a
954 3273 1107 3356 renatis
1137 3272 1265 3357 literis
1297 3302 1382 3357 non
1410 3273 1618 3386 principes
1640 3273 1786 3382 modo,
1816 3279 1891 3358 sed

335 3411 483 3527 privati
516 3440 681 3525 quoque
689 3467 700 3481 ψ
711 3408 995 3523 comparandis
1025 3407 1090 3492 his
1112 3411 1321 3494 Romanae
1343 3411 1557 3503 vetustatis
1586 3414 1768 3526 reliquiis
1792 3445 1889 3524 ope-

339 3531 452 3667 ram,
480 3562 752 3661 sumptusque
772 3545 1070 3659 impenderint,
1102 3561 1143 3630 et
1168 3546 1278 3660 quod
1299 3532 1432 3661 inagis
1455 3547 1630 3656 mirum,
1658 3550 1731 3633 vix
1755 3551 1891 3631 immi-

338 3702 440 3772 nuto
468 3715 489 3768 a
520 3698 583 3769 tot
607 3685 692 3800 jam
722 3683 895 3768 saeculis
923 3682 968 3764 in
993 3681 1242 3768 hodiernum
1273 3712 1408 3797 usque
1434 3683 1545 3767 diem
1567 3684 1789 3769 adversum
1823 3715 1890 3768 eas

339 3800 515 3908 adfectu.
546 3823 705 3904 Horum
726 3804 1023 3932 honestissimis
1053 3821 1218 3928 studiis,
1243 3835 1367 3934 atque
1398 3820 1602 3906 indefesso
1628 3824 1797 3907 conatui
1822 3823 1892 3906 de-

332 3965 488 4063 bemus
523 3960 770 4071 locupleteS,
801 3972 858 4062 et⁴
876 3957 1054 4042 illustres
1080 3956 1206 4042 series
1221 3958 1288 4072 ⁸ab
1322 3987 1372 4042 eo
1401 3948 1588 4075 tempore
1616 3960 1820 4073 cognitaS,
1851 3975 1893 4042 et

340 4099 617 4210 inliterarum
644 4097 898 4207 incrementa
923 4122 1022 4177 cum
1041 4096 1142 4178 orbe
1165 4093 1327 4179 erudito
1347 4094 1695 4211 communicatas,
1727 4125 1780 4179 ex
1803 4096 1893 4209 qui-

336 4240 419 4324 bus
444 4266 540 4343 eas,
567 4212 675 4346 qaae
701 4232 931 4318 illustrioris
946 4219 1052 4314 'sunt
1079 4260 1153 4343 per
1171 4232 1385 4344 Europam
1412 4235 1568 4333 famae,
1601 4231 1700 4316 alibi
1724 4264 1895 4317 enume-
1957 4267 1959 4271 ’

342 4374 432 4479 ravi
451 4365 496 4477 ⁸).
524 4370 746 4456 Praeclaris
764 4367 829 4452 his
851 4366 1022 4481 cimeliis
1044 4369 1335 4480 conquirendis
1351 4371 1660 4485 inserendisque
1681 4401 1778 4454 cum
1799 4400 1894 4454 suas

342 4509 422 4596 viri
449 4508 564 4593 beati
589 4523 724 4620 partes
762 4505 928 4590 abunde
961 4503 1262 4617 implevissent,
1298 4497 1496 4619 ,nolebant
1532 4507 1615 4592 suis
1646 4507 1791 4592 deesse
1816 4508 1897 4589 viri

295 4661 299 4665 ¹
385 4701 417 4769 n)
436 4696 503 4755 Vol.
522 4697 544 4753 l.
565 4697 685 4775 Proleg.
699 4717 766 4771 gen.
783 4714 848 4772 cap.
860 4692 964 4751 XXlll.
