4012 5370
897 401 1097 478 TITVS.
1623 419 1626 424 ’
1701 410 1772 492 585

263 573 303 637 V.
325 571 359 633 C.
382 573 444 635 825
464 575 551 637 IMP.
574 577 627 634 III.
651 569 771 633 dicitur
796 570 829 632 in
856 571 968 635 inscri-
1070 572 1110 639 V.
1135 571 1172 638 8.
1194 571 1268 640 8³³.
1291 573 1364 649 884.
1390 575 1477 636 IMP.
1496 574 1583 640 xvl.
1605 588 1638 639 et
1657 575 1774 640 iisdem

218 675 332 758 ptione
353 675 546 737 Gruteriana
564 678 609 754 α),
628 695 722 758 quam
740 695 836 756 supra
855 675 887 734 in
905 676 969 741 Ve-
1028 674 1130 738 annis

218 778 367 859 spasiano
397 777 455 839 sub
485 775 603 838 eodem
635 775 698 837 hoc
728 776 867 838 articulo
895 795 967 839 esse
1390 778 1478 842 IMP.
1509 778 1614 844 XVII.
1654 778 1687 840 in
1729 780 1776 840 in·

218 894 310 942 certe
335 879 431 960 hujus
455 878 529 939 anni
558 876 786 960 comprobavi,
811 876 969 958 jungitur·
1027 873 1203 959 scriptione
1218 877 1333 961 portae
1351 878 1616 962 majorisRomae
1629 880 1774 962 junctum

217 1003 282 1065 que
304 1002 379 1043 cum
402 980 571 1041 consulatu
590 982 645 1054 11.,
671 992 704 1039 et
720 980 790 1042 Tu.
807 976 908 1040 POT.
927 979 965 1040 11.
1026 995 1099 1039 cum
1116 980 1185 1043 TR.
1200 980 1239 1041 ·P.
1258 979 1300 1044 X.
1315 979 1411 1044 COS.
1433 981 1508 1041 xm
1531 980 1569 1064 Ι).

219 1083 315 1144 Numi
335 1081 375 1144 ad
392 1081 479 1144 hunc
498 1103 616 1143 annum
632 1081 719 1141 idem
738 1080 867 1142 docent.
1069 1080 1187 1142 Causas
1212 1079 1394 1156 iterationis
1420 1080 1554 1144 easdem
1582 1101 1655 1145 cnm
1680 1098 1774 1166 patre

263 1183 342 1247 Inde
367 1204 408 1246 ex
430 1196 717 1245 monumentorum
746 1181 878 1243 defectu
904 1202 969 1243 ma·
1025 1180 1156 1257 habuit,
1173 1180 1231 1244 sed
1248 1197 1280 1245 et
1297 1183 1356 1244 has
1375 1183 1550 1269 plerasque
1568 1183 1777 1270 ignoramus,

220 1307 283 1370 gna
308 1285 421 1347 lacuna
443 1306 545 1369 usque
567 1283 607 1346 ad
629 1305 747 1345 annum
772 1284 813 1350 V.
835 1284 871 1346 8.
889 1282 967 1361 88ι,
1026 1294 1062 1346 ut
1081 1279 1220 1346 diximus
1237 1283 1271 1346 iu
1287 1284 1498 1371 Vespasiano.

219 1387 278 1449 sed
309 1406 391 1470 quae
420 1386 548 1470 expleri
574 1385 745 1448 commode
776 1396 885 1466 potest
914 1404 966 1446 se·
1198 1388 1201 1394 '

219 1487 351 1572 quondo
381 1489 457 1550 inde
486 1488 526 1549 ab
555 1487 617 1549 hoc
648 1508 732 1548 anno
760 1481 969 1548 iterationem
1314 1491 1489 1554 Censor.

219 1588 429 1672 Vespasiani,
452 1611 546 1672 quam
565 1590 759 1671 plerumque
774 1601 897 1650 certam
912 1588 971 1650 ha·

217 1693 354 1771 bemus,
378 1713 471 1767 nam,
492 1705 528 1751 nt
546 1690 730 1766 docuimus,
752 1690 896 1752 honores
912 1712 967 1774 pa·

220 1810 271 1858 ter
286 1796 465 1879 plerosque
486 1815 559 1856 cum
579 1792 647 1854 titio
666 1812 855 1854 communes
870 1778 967 1857 haire-

218 1920 256 1962 re
275 1898 388 1960 voluit.
415 1899 464 1956 Ex
481 1895 540 1957 hac
560 1895 636 1975 Iege
654 1892 714 1955 fuit
731 1893 824 1956 Titus

261 2003 302 2066 V.
326 2001 362 2063 8.
385 2000 447 2060 820
470 1998 557 2058 IMP.
581 1997 638 2061 IV.

261 2105 302 2169 V.
328 2103 364 2165 C.
386 2102 448 2178 (327
471 2099 557 2161 IMI'.
581 2098 623 2161 V.
646 2098 702 2163 VI.

264 2206 304 2267 V.
328 2205 365 2268 C.
388 2203 450 2264 828
472 2200 560 2263 IMP.
583 2200 654 2265 VII.
676 2200 761 2266 VIII.
787 2196 843 2262 tx.
867 2197 908 2263 X.

263 2307 305 2370 V.
330 2305 365 2366 C.
389 2306 450 2381 Bao
474 2301 561 2361 IMP.
583 2301 640 2363 XI.
1251 2360 1260 2375 .
1431 2359 1438 2373 1
1599 2362 1605 2375 .
1635 2362 1642 2377 ι

260 2409 302 2472 v.
327 2408 362 2470 e.
387 2406 449 2468 eso
472 2404 559 2466 mr.
584 2403 640 2465 xr.
662 2401 732 2465 x11.
1154 2354 1260 2421 numa
1279 2368 1655 2441 monstraveram.

261 2512 303 2575 V.
328 2511 365 2572 8.
388 2506 445 2570 83ι
472 2505 560 2569 ΙΜΡ.
583 2504 670 2572 XIII.
703 2504 913 2569 consentiunt
934 2515 969 2566 et
1072 2514 1210 2575 Vrbinm
1225 2514 1406 2577 liberorum
1419 2511 1511 2576 numi
1521 2512 1641 2579 Graeci
1652 2513 1775 2578 haben-

219 2613 320 2673 numi.
1026 2624 1080 2673 tur
1097 2633 1163 2674 non
1180 2612 1294 2698 pauci,
1317 2624 1474 2699 suntque,
1487 2616 1533 2699 {nt
1550 2614 1583 2676 in
1600 2630 1694 2700 patre
1709 2619 1776 2682 Ve-

262 2716 303 2777 V,
327 2713 363 2779 C.
387 2710 680 2775 8321MP.X1111.
717 2709 862 2788 junctum
892 2728 966 2770 cum
1027 2713 1193 2797 spasiano,
1217 2716 1368 2798 argentei
1390 2714 1439 2777 illi
1453 2717 1488 2776 in
1505 2717 1629 2800 majore
1648 2721 1773 2802 pretio,

1066 1643 1119 1710 De
1146 1664 1304 1721 censura,
1331 1664 1427 1727 quam
1461 1663 1535 1706 cnm
1562 1657 1656 1728 patre
1687 1648 1777 1731 egit,

1023 1743 1100 1809 vide
1126 1745 1212 1809 dicta
1233 1747 1266 1808 in
1290 1744 1501 1827 Vespasiano.
1545 1748 1626 1809 Earn
1657 1747 1772 1811 eadem

1023 1846 1119 1928 Iege,
1152 1861 1189 1909 ut
1210 1860 1322 1932 pater,
1350 1847 1517 1929 inscripsit
1546 1848 1653 1910 nurnis
1676 1871 1775 1912 anno-

1023 1970 1097 2010 rum
1121 1949 1202 2025 sas,
1227 1950 1310 2024 aas,
1332 1949 1417 2028 827,
1437 1946 1497 2010 sed
1519 1961 1649 2023 centra,
1677 1972 1772 2034 quam

1023 2063 1117 2133 pater
1131 2048 1225 2125 iecit,
1251 2071 1323 2113 esm
1338 2039 1482 2114 restituit
1498 2049 1533 2111 in
1550 2051 1656 2114 numis
1676 2071 1775 2116 anno-

1021 2173 1094 2213 rum
1114 2150 1194 2227 830,
1216 2151 1296 2216 831.

220 2819 290 2879 ΤΠ.
308 2818 346 2878 P.
364 2816 448 2880 Vltl.
467 2811 561 2875 808.
584 2813 655 2876 ἮΙ.
680 2823 713 2873 et
737 2810 831 2873 titulo
861 2809 966 2874 adhuc
1026 2816 1216 2899 quisnnusn
1232 2835 1497 2881 novnmsaerum
1513 2817 1705 2902 inscriptum
1725 2822 1776 2883 οἱ·
1878 2850 1887 2880 ι

221 2919 369 2981 Caesaris
386 2913 433 2992 b),
455 2915 534 2975 item
1024 2917 1151 2980 serunt.

477 3016 566 3076 IMP.
588 3016 686 3076 XIIII.
713 3015 859 3096 junctum
891 3035 966 3078 eum
1071 3021 1286 3083 Coloniarum
1309 3022 1416 3098 numi,
1445 3042 1510 3106 qno
1538 3035 1687 3107 tempore
1712 3027 1776 3086 im-

220 3125 290 3184 Tn.
311 3122 348 3183 Ρ.
365 3120 466 3186 VIIII.
486 3116 581 3180 808.
599 3119 670 3184 VII.
693 3129 727 3179 et
745 3118 840 3180 titulo
855 3119 966 3203 Augu·
1023 3120 1151 3204 perium
1182 3123 1271 3185 solus
1299 3123 1439 3186 obtinuit
1471 3125 1583 3199 Titus,
1615 3126 1771 3189 hactenus
1848 3178 1853 3188 .

220 3224 278 3298 sti,
301 3222 334 3282 in
355 3220 460 3283 numia
481 3222 576 3304 hujus
596 3219 680 3283 anni.
1024 3223 1147 3307 cogniti
1172 3244 1240 3286 non
1268 3239 1364 3303 snut,
1398 3247 1472 3290 uam
1505 3247 1586 3312 quos
1616 3227 1775 3291 habemus

508 3325 596 3386 IMP.
618 3323 690 3388 XV.
719 3321 863 3401 junctum
890 3343 964 3386 cum
1023 3325 1223 3412 Stobornm,
1251 3340 1286 3389 et
1312 3327 1531 3391 Cassandreae
1559 3327 1774 3392 Macedoniae

222 3428 295 3488 Tn.
315 3427 351 3489 P.
372 3426 472 3492 VIIII.
491 3425 585 3488 808.
607 3426 676 3490 VII.
699 3424 796 3487 Dus.
819 3423 907 3488 VIII.
931 3423 964 3486 in
1024 3428 1172 3504 urbium,
1194 3427 1400 3509 Vespasiano
1414 3427 1595 3525 imperante
1618 3429 1772 3511 prodire·
1901 3408 1905 3413 Ι

221 3528 434 3609 inscriptione
465 3548 566 3611 aquae
592 3525 732 3588 Marciae
765 3525 806 3586 ad
838 3539 966 3609 portam
1025 3551 1076 3594 re.
1118 3527 1283 3591 Laudatus
1311 3549 1329 3592 a
1356 3528 1533 3595 Vaillantio
1561 3549 1678 3592 numus
1706 3531 1774 3592 An·

219 3632 423 3714 Esquilinam
439 3634 488 3711 0),
510 3644 543 3692 et
565 3629 597 3712 in
621 3627 737 3689 numis.
766 3627 881 3689 Dictus
905 3627 966 3690 isit
1023 3629 1165 3694 tioehiae
1199 3629 1313 3712 Syriae
1343 3629 1386 3693 sd
1418 3630 1502 3693 hano
1531 3631 1667 3694 classem
1703 3652 1772 3695 non

222 3735 309 3793 [ΜΡ.
325 3734 395 3798 XV.
413 3753 454 3795 ex
470 3729 615 3794 victoriis
633 3729 846 3805 Britannicis,
865 3742 898 3792 ut
918 3729 966 3791 di·
1022 3733 1184 3816 pertinet3
1219 3753 1292 3796 nam
1326 3730 1387 3794 hac
1421 3741 1526 3795 aetate
1564 3751 1604 3795 es
1643 3732 1772 3797 colonis

221 3836 388 3898 serteDio
406 3834 548 3897 adhunc
566 3851 682 3894 annum
699 3833 742 3909 ὼ).
1023 3826 1168 3896 nondum
1199 3832 1270 3898 tuis.
1319 3819 1477 3896 Numam⁸
1497 3832 1677 3898 Caesareae
1710 3837 1771 3900 Pa·

263 3939 305 4002 V.
336 3940 371 3997 C.
400 3936 462 4000 833
494 3935 581 3998 IMP.
611 3934 683 3997 XV.
714 3933 861 4013 junctum
891 3952 964 3994 cnm
1024 3933 1181 3998 laestinae
1208 3933 1249 3997 ab
1274 3933 1393 3999 eodem
1421 3934 1596 4001 Vaillsntio
1628 3940 1773 4021 promul·

224 4041 292 4099 t'lt.
312 4037 412 4102 ΡΟΤ.
431 4036 524 4118 808.
539 4037 626 4100 VIII.
643 4036 676 4095 in
692 4035 807 4095 numis.
1024 4050 1134 4121 gotum
1157 4032 1281 4098 offerre
1302 4050 1398 4120 caput
1418 4034 1605 4122 Elagabali,
1627 4060 1694 4101 non
1717 4043 1774 4103 'I'i-

501 4139 588 4201 IMP.
611 4138 682 4201 XV.
713 4136 858 4217 junctum
891 4156 966 4199 cum
1023 4121 1066 4212 ti,
1088 4137 1121 4197 in
1142 4137 1238 4218 hujus
1260 4137 1409 4202 coloniae
1426 4137 1531 4201 nnmis
1551 4138 1772 4222 probavimus.

225 4240 469 4306 '1·n.1¹0r.x.
489 4239 583 4303 808.
601 4241 676 4305 VIII
693 4250 731 4313 ε).
1023 4238 1130 4302 Etiam
1155 4260 1274 4303 numus
1298 4239 1446 4305 coloniae
1471 4238 1668 4305 Antiochiae¹
1690 4245 1772 4309 Pisi·

261 4531 290 4598 η)
312 4530 381 4601 vag.
400 4533 462 4586 att.
481 4534 507 4583 2.
586 4521 621 4593 b)
643 4522 752 4579 Gruter
770 4543 797 4599 p.
813 4532 868 4587 aas
890 4537 919 4576 n.
938 4530 966 4586 a.
1028 4523 1079 4592 ·c)
1101 4520 1211 4580 Gmter
1229 4539 1259 4596 p.
1277 4532 1339 4583 ιη.
1356 4536 1380 4583 ι.
1462 4522 1496 4596 d)
1516 4523 1550 4579 L.
1564 4521 1666 4584 LXVI.
1687 4527 1712 4600 ς.
1728 4538 1772 4589 ao.

231 4626 256 4683 ej.
278 4618 385 4672 Gruter
402 4636 431 4690 p.
450 4623 509 4684 189·
524 4627 550 4685 9.
632 4613 657 4680 Γ)
680 4614 789 4670 Gruter
810 4619 913 4678 1781.
1466 4705 1492 4765 Z

1513 4726 1533 4765 z
1557 4722 1576 4768 1
