3998 5340
831 442 1159 539 vtrunttvs.

223 617 314 675 nium
341 608 405 674 diei
428 613 532 684 solet,
560 621 751 693 certumque
775 607 881 690 putari
901 611 967 691 gla-

223 714 327 787 dium,
358 713 477 797 quiex
499 710 631 792 cingulo
653 710 872 794 suspenditur.
929 710 966 772 Si

223 814 348 898 gladius
370 826 457 875 esset
480 811 599 894 inquit,
628 832 694 873 non
716 811 764 873 sic
782 811 966 894 praeferre·

222 927 277 976 tut·
291 936 404 988 mano,
427 926 462 974 ut
478 913 512 973 in
526 912 631 975 numis
650 914 890 998 praesentibus,
914 934 966 975 vs·

220 1016 345 1098 riisque
367 1013 453 1088 aliis,
483 1033 549 1074 uno
566 1013 635 1096 ejus
653 1011 717 1076 line
736 1013 769 1074 in
784 1015 884 1075 altum
900 1012 966 1075 ela·

220 1131 266 1193 to,
284 1115 388 1177 altero
399 1112 439 1176 ad
452 1134 540 1196 genu
550 1114 721 1197 applicato,
740 1114 799 1177 sed
811 1116 966 1178 haereret

222 1215 264 1279 ad
279 1216 361 1278 lutus
378 1213 501 1277 adlisus
527 1216 671 1300 cingulo.
715 1215 831 1292 Addit,
853 1216 965 1279 mirari

222 1336 259 1379 se
284 1317 500 1380 vehementer
518 1316 617 1392 illud,
646 1315 733 1399 quod
750 1339 913 1402 nunquam
929 1318 964 1379 in

221 1419 328 1482 numis
350 1419 417 1481 sive
445 1418 641 1501 imperator,
672 1417 740 1481 siae
762 1420 856 1481 miles
879 1440 966 1483 com·

223 1534 338 1604 pareat
359 1534 498 1582 arnustus
523 1517 631 1602 gladio
651 1521 747 1583 etiam
772 1534 856 1597 tum,
892 1543 965 1586 cum

223 1621 346 1684 cultum
369 1622 419 1682 illi
445 1621 540 1703 plane
562 1620 735 1684 militarem
766 1623 965 1706 praeierunt.

223 1722 374 1785 Dubitari
389 1722 488 1806 igitur
502 1723 684 1785 nullatenus
698 1745 811 1807 posse,
833 1745 966 1809 parazo-

223 1824 313 1887 uium
328 1824 415 1886 istud
431 1823 518 1887 aliud
533 1844 598 1885 non
615 1843 702 1899 esse,
722 1844 816 1908 quam
835 1847 880 1887 un
896 1829 969 1888 urai

222 1926 325 1989 aaron
340 1930 380 1987 de
393 1912 690 1999 commendement,
710 1927 758 1985 tel
771 1929 874 2004 qu'est
891 1948 968 2007 paa-

221 2031 362 2089 minoas
373 2027 403 2086 le
419 2027 520 2086 baton
534 2028 574 2085 de
592 2025 769 2086 Marebhal
779 2030 818 2088 de
831 2028 967 2091 France.

221 2129 313 2189 Haec
329 2126 477 2189 lobertus
495 2129 533 2205 ¹),
549 2145 643 2208 quam
660 2127 865 2200 sententiam,
880 2126 967 2189 haud

222 2229 320 2292 dubie
350 2250 390 2291 ex
415 2226 532 2290 eodem
557 2239 698 2309 captam,
725 2230 893 2310 amplexus
916 2242 968 2291 est

222 2332 319 2394 etiam
336 2330 574 2393 Pincltertonus
590 2327 634 2411 ¹³).
657 2332 701 2391 At
718 2330 808 2406 mihi,
824 2331 879 2414 qui
890 2331 967 2393 reti-

221 2431 359 2494 nendam
372 2433 565 2494 sententiam
581 2445 727 2496 veterem
743 2433 839 2514 plane
857 2432 967 2495 existi·

221 2553 292 2607 mo,
322 2532 550 2616 inquirendum
577 2533 682 2616 primo
707 2532 857 2606 ridetur,
888 2532 966 2616 quid

185 2659 189 2665 ·
220 2647 352 2695 veteres
370 2637 547 2711 paraznnii
574 2635 705 2697 nomine
730 2634 965 2700 intellexerint.

222 2733 424 2798 Vocabulum
448 2732 534 2793 istud
553 2754 593 2795 ex
614 2735 737 2795 Latinis
754 2734 966 2816 scriptoribus

223 2832 263 2895 ab
280 2832 376 2896 unico
388 2833 536 2894 Martiale
551 2847 735 2914 usurpatur,
754 2835 918 2915 eilicitque
930 2833 967 2894 ti·

221 2933 325 2995 tulum
343 2933 583 3018 epigrammatis
598 2931 729 3000 XXXII.
747 2933 823 2995 libri
836 2934 924 3000 XlV.

441 3118 742 3181 Parazonium:

286 3239 440 3300 Militiae
460 3239 559 3299 decus
578 3238 658 3313 lior,
681 3249 715 3298 et
733 3241 828 3318 grati
850 3258 966 3301 nomen

725 3339 876 3412 ltonoris,

326 3441 438 3504 Arma
460 3439 676 3503 tribunicium
708 3444 840 3533 cingere
863 3441 965 3520 digna

721 3520 826 3603 latus.

219 3648 308 3706 quta
330 3652 462 3724 etymon
483 3639 645 3707 Graecum
670 3632 880 3728 parazonium
903 3654 964 3717 est,

219 3740 377 3829 quidquid
399 3755 508 3825 potest
531 3764 594 3827 ope
613 3765 718 3808 conae
736 3743 868 3827 corpori
887 3741 967 3804 adli·

219 3843 310 3932 gari,
343 3844 515 3907 autetiam
545 3847 710 3929 cingulum
740 3848 797 3909 vel
821 3845 965 3919 balteus,

219 3967 262 4010 ex
290 3964 355 4027 quo
385 3943 445 4006 ulia
474 3949 684 4029 quaecunque
714 3967 769 4011 res
798 3943 968 4030 suspendi·

1702 473 1770 543 311

1023 608 1129 686 istutl,
1154 609 1216 673 etsi
1233 632 1316 694 pure
1333 609 1513 695 Graecum,
1541 641 1608 687 uon
1623 601 1768 710 reperis-l

1023 711 1057 771 ia
1073 711 1260 774 auctoribus
1277 715 1424 778 melioris
1441 721 1573 800 astatis,
1594 739 1627 789 et
1644 740 1768 794 tuntum

1023 810 1058 872 iu
1085 812 1250 894 glossariis
1272 816 1399 879 mediae
1430 834 1463 883 et
1484 822 1613 889 infimae
1636 825 1769 892 Graecl-

1022 912 1105 975 tatis.
1149 916 1285 978 Exstant
1314 931 1423 981 tamen
1454 921 1571 988 adfinis
1599 927 1768 1006 vocabula,

1022 1027 1119 1096 atque
1140 1014 1224 1080 -haec
1248 1017 1321 1082 iere
1342 1040 1474 1106 semper
1493 1026 1616 1104 paratis
1633 1031 1772 1109 gtaatos

1022 1116 1214 1198 significant.
1251 1120 1450 1201 Hesychius:
1475 1121 1699 1208 Παραζωςρις,
1719 1154 1771 1212 ysr-

1021 1237 1077 1294 κρα
1089 1238 1240 1302 μαχαιρκ.
1262 1218 1370 1283 taem:
1393 1221 1496 1302 Ξιφος,
1512 1248 1671 1312 papaten,
1687 1228 1706 1306 η’
1721 1253 1772 1293 ns·

1021 1318 1167 1398 ριζωιιοι,
1199 1316 1349 1403 bauseyum
1387 1334 1563 1410 purpurat,
1596 1328 1768 1394 Athenaeo

1024 1431 1246 1481 memorantur
1258 1417 1467 1504 negaretis
1481 1449 1531 1487 nus
1548 1424 1709 1514 λοφχαςιιὲ
1724 1431 1768 1512 d).

1023 1520 1210 1603 Xenophon
1247 1520 1335 1585 inter
1373 1524 1552 1608 Chalybum
1581 1551 1670 1593 armu
1702 1554 1770 1596 mo

1024 1633 1130 1682 morat
1158 1623 1255 1683 etiam
1287 1643 1369 1700 naeu
1394 1648 1448 1700 rtys
1474 1628 1566 1708 ζωιηι
1592 1649 1768 1718 pepereras,

1021 1717 1093 1781 ὅσοι
1123 1721 1232 1799 §nabas
1260 1714 1502 1804 Λακωνικηι,’
1480 1727 1768 1812 pinguescentis

1025 1843 1142 1900 agarem
1164 1814 1344 1899 lussiaco,
1324 1840 1427 1903 yuata
1445 1831 1615 1910 cingulum
1629 1855 1771 1915 parvum

1022 1924 1175 2005 gladium
1196 1926 1306 1985 instar
1322 1930 1481 2008 pugionis
1498 1931 1678 2013 Laconici,
1705 1939 1769 2016 quo

1021 2036 1272 2105 percusserunt,
1299 2045 1381 2103 quos
1397 2034 1549 2094 nancisci
1559 2047 1714 2112 poterant
1730 2038 1781 2117 θ).

1024 2122 1117 2206 Ergo
1137 2124 1225 2208 quod
1239 2124 1450 2209 Xenophonti
1470 2145 1520 2195 est
1545 2154 1627 2212 παρα
1646 2157 1701 2211 rm
1715 2137 1771 2219 ζω.

1025 2247 1073 2298 rna
1086 2245 1267 2308 μαχαιριιι,
1289 2227 1345 2291 alii
1364 2232 1560 2297 contractius
1580 2235 1697 2301 dixere
1711 2261 1768 2299 nu·

1024 2325 1174 2406 ςαζωιιοι.

1090 2424 1269 2519 Quaeritur
1283 2452 1402 2512 porro,
1431 2447 1539 2497 utrum
1558 2433 1655 2512 illud,
1681 2436 1771 2519 quod

1023 2524 1217 2612 frequenter
1234 2551 1299 2593 non
1322 2533 1356 2594 in
1381 2537 1486 2597 numis
1513 2534 1641 2613 modo,
1656 2537 1717 2600 sed
1736 2551 1771 2601 et

1026 2630 1164 2708 gemmis
1188 2644 1222 2692 et
1244 2634 1433 2715 anaglyphis
1461 2634 1604 2698 adfixam
1630 2637 1772 2700 militum

1026 2723 1139 2803 lateri,
1171 2729 1366 2812 plerumque
1397 2732 1548 2811 sinistro,
1586 2750 1640 2799 aut
1670 2741 1770 2801 etiam

1025 2825 1100 2888 loco
1122 2841 1245 2889 motum
1270 2831 1391 2912 gestari
1406 2853 1518 2908 manu,
1549 2847 1646 2915 atque
1663 2851 1772 2900 osten·

1025 2929 1087 2987 turi
1112 2927 1278 3008 videmus,
1316 2951 1389 2995 esse
1416 2934 1627 3015 paratorium
1661 2938 1771 3002 existi·

1024 3028 1106 3090 mari
1128 3030 1240 3112 possit.
1283 3031 1353 3094 Cur
1378 3033 1464 3095 istud
1486 3048 1587 3117 neget
1608 3036 1770 3116 lohertus,

1023 3129 1119 3191 unica
1141 3130 1193 3191 illi
1214 3131 1298 3196 ratio
1317 3146 1383 3211 est,
1408 3134 1482 3218 quia
1507 3155 1605 3219 saepe
1625 3160 1692 3204 uon
1717 3142 1772 3206 aa·

1023 3230 1123 3292 lixum
1146 3231 1261 3307 lateri,
1287 3233 1378 3315 quod
1402 3237 1592 3318 oportebat,
1617 3242 1677 3304 seul
1707 3257 1771 3307 tra·

1023 3331 1106 3392 clari
1128 3331 1274 3396 munibus
1300 3336 1530 3418 conspicimus,
1556 3362 1588 3406 v.
1607 3363 1637 3405 c.
1658 3344 1692 3406 in
1711 3366 1771 3407 nu·

1024 3432 1085 3493 mis
1107 3435 1334 3516 praesentibus
1359 3459 1378 3498 a
1393 3439 1538 3514 Virtute,
1562 3454 1596 3502 et
1616 3443 1771 3527 frequen·

1024 3548 1077 3596 ter
1099 3557 1118 3596 a
1143 3535 1205 3599 dea
1223 3537 1328 3598 Roma
1351 3537 1385 3597 iu
1413 3539 1519 3600 numis
1540 3541 1645 3605 obuiis
1666 3547 1772 3609 Nero·

1023 3635 1091 3708 nis,
1113 3648 1177 3700 etc.
1206 3637 1248 3698 At
1265 3625 1353 3696 enim
1373 3637 1400 3698 si
1413 3640 1537 3702 alienus
1556 3641 1636 3704 situs
1662 3644 1770 3708 locas·

1026 3756 1066 3801 ve
1087 3756 1159 3799 rem
1181 3749 1297 3813 mutat,
1328 3736 1408 3798 nihil
1433 3738 1544 3817 obest,
1575 3763 1640 3827 quo
1663 3744 1770 3810 minus

1024 3836 1168 3901 dieamus
1198 3858 1346 3922 quoque,
1382 3839 1478 3918 illud,
1518 3843 1607 3927 quod
1634 3844 1770 3910 libertas

1024 3938 1159 4003 dextera
1176 3939 1338 4024 praefert,
1358 3961 1423 4004 non
1442 3964 1515 4007 esse
1532 3945 1673 4029 pileum,
1695 3949 1770 4031 quis

218 4063 283 4112 sur.
334 4043 444 4139 Quare
484 4059 518 4108 et
549 4047 628 4111 dixit
657 4051 751 4112 Pluto
775 4050 823 4132 ο);
859 4067 968 4124 sangar
1025 4043 1133 4107 ¹00⁸'1m
1164 4062 1257 4106 mum
1279 4062 1344 4104 ¹¹⁰⁰
1367 4043 1511 4124 0llll⁰⁶lr
1542 4045 1577 4107 ld
1601 4061 1665 4125 ⁰⁸⁸·
1693 4049 1769 4134 (1¹¹i⁸

220 4176 271 4211 aas
283 4170 409 4227 ς’ριπτκς
419 4172 468 4208 aas
482 4145 617 4224 α’κιιαιηι
632 4150 893 4231 magalonensibus,
904 4151 968 4210 tia·

221 4272 293 4327 ras,
328 4265 362 4313 et
390 4265 538 4330 torques,
565 4265 599 4313 et
621 4256 793 4314 acinacem
814 4254 968 4332 praecin-

216 4373 304 4435 gere.
348 4351 392 4414 ht
419 4350 536 4414 mirum
566 4350 739 4435 prolecto,
773 4352 996 4416 vocabulum.

1025 4158 1123 4229 caput
1146 4165 1213 4209 uon
1236 4143 1335 4227 tegit,
1358 4159 1455 4230 utque
1473 4147 1591 4210 eodem
1612 4162 1707 4230 paeto
1731 4150 1769 4212 il·

1024 4245 1098 4322 lud,
1121 4245 1210 4331 quotl
1231 4245 1354 4330 inipso
1380 4249 1444 4311 hoe
1459 4269 1558 4311 numo
1579 4249 1693 4315 Virtus
1714 4273 1769 4335 ps·
1880 4317 1884 4321 Α

1024 4348 1066 4413 sle
1088 4347 1225 4431 premit,
1255 4367 1321 4411 uon
1352 4367 1424 4412 esse
1447 4349 1583 4431 galeam.
1628 4352 1694 4414 lam
1717 4373 1771 4416 rs·

257 4574 431 4643 oscines
449 4574 596 4633 desisto.
613 4575 648 4630 T.
661 4575 684 4627 1.
702 4580 805 4648 p..384
880 4571 915 4644 b)
935 4573 1026 4646 Essay
1042 4591 1081 4628 on
1099 4570 1178 4645 merl.
1194 4570 1229 4628 Τ.
1239 4568 1262 4629 1.
1277 4588 1308 4646 p.
1320 4580 1382 4643 195.
1455 4575 1485 4642 e)
1506 4572 1544 4628 de
1562 4569 1636 4648 Rep
1654 4571 1774 4634 LVIII

222 4664 309 4735 illl..
320 4663 368 4722 tv,
385 4683 416 4739 p
429 4668 487 4727 1¹16.
508 4666 540 4721 ll
616 4664 646 4737 e)
667 4664 705 4720 de
720 4659 920 4737 ExpedCyri
938 4661 1030 4722 1..1v
1044 4679 1075 4738 p.
1092 4679 1128 4717 m.
1145 4669 1208 4724 330
