3998 5340
225 467 298 539 23,
854 439 1163 516 enatmvs

221 640 338 710 susque
359 625 536 706 imperator
552 620 722 692 salutatur,
745 611 968 695 deductosque
1025 607 1187 695 paratoria
1209 608 1319 672 aeneis
1340 612 1366 673 1.
1389 622 1424 673 et
1443 612 1485 676 11.
1506 609 1638 677 formae
1667 612 1772 677 nullus

218 729 254 789 in
281 739 385 789 castra
406 725 492 784 inter
517 719 653 781 militum
684 703 836 778 excubiis
861 713 971 796 proxi·
1026 731 1165 794 unqaam
1186 707 1316 774 additur
1336 731 1503 776 numerus.
1543 711 1689 775 Additur
1708 716 1772 798 qui·

220 847 306 891 mam
327 838 457 888 noctem
478 821 555 905 egit.
596 819 772 894 Consules,
802 836 838 879 ao
859 829 968 899 patres
1028 811 1163 874 demin
1195 813 1318 890 aureis,
1350 825 1384 875 et
1404 812 1572 897 argenteis
1593 814 1656 877 sed
1676 814 1769 879 etism

219 930 254 991 in
279 927 440 1012 Capitolio
458 921 591 987 collecti
609 920 685 983 dum
707 917 748 981 de
769 914 970 981 restituenda
1028 912 1187 976 omittitur
1208 913 1242 974 in
1264 913 1321 991 iis,
1350 913 1407 999 qui
1424 912 1549 998 absque
1569 912 1675 979 dubio
1692 918 1769 981 mul.

218 1050 290 1115 rep.
310 1028 512 1103 deliberant,
534 1022 662 1108 ipsique
683 1021 771 1083 inter
792 1039 828 1082 sc
850 1038 965 1101 parum
1023 1028 1057 1077 to
1081 1015 1186 1078 aerius
1209 1015 1357 1099 percussi
1378 1028 1462 1077 sunt.
1498 1018 1547 1079 lta
1570 1018 1665 1081 uumi
1679 1020 1768 1083 Clau·

223 1131 440 1205 concordant,
462 1124 621 1211 postridie
643 1122 762 1186 milites
784 1120 819 1181 in
840 1119 965 1183 Claudii
1024 1116 1069 1178 dii
1090 1136 1164 1180 cum
1183 1117 1288 1200 capite
1309 1116 1526 1201 Agrippinae,
1550 1119 1606 1183 vel
1628 1121 1765 1185 Nemnis

133 1262 143 1275 ·
221 1253 341 1295 nomen
368 1233 536 1313 juravere,
566 1218 811 1309 parendumque
835 1221 897 1284 suit
919 1242 969 1284 ar·
1025 1231 1100 1282 ante
1122 1241 1240 1316 annum
1267 1220 1309 1287 V.
1330 1221 1367 1281 (Ι.
1389 1220 1454 1283 803
1482 1219 1608 1302 signari
1628 1241 1696 1284 non
1715 1242 1768 1307 pa.

175 1322 180 1329 ¹
219 1334 287 1396 mis
303 1332 344 1396 ad
360 1333 423 1398 rim
442 1329 561 1414 paratis
585 1329 626 1408 ¹).
1026 1333 1140 1397 tuere,
1169 1334 1280 1384 tamen
1302 1320 1407 1384 solum
1426 1319 1496 1381 ΤΒ.
1512 1318 1552 1386 Ρ.
1570 1320 1697 1409 absque
1717 1344 1766 1386 aa.

412 1514 452 1577 V.
473 1514 507 1576 C·
525 1518 589 1596 tot
606 1511 640 1572 Ρ.
661 1508 774 1601 Klit-

223 1634 288 1700 ΤΗ.
307 1636 344 1698 Ρ.
366 1631 463 1698 COS·
479 1630 579 1696 ΗΕΒ.
597 1629 720 1694 ΙΤΕΗ.
741 1630 776 1694 Ρ.
794 1627 845 1694 Μ.
869 1629 908 1695 Ρ.
928 1629 965 1691 Ρ.

501 1752 602 1817 ῙΜΡ.
623 1750 670 1814 ΙΙ.

24 1859 29 1869 ’
160 1864 182 1931 ἕ
249 1876 332 1941 Ceio
351 1828 445 1958 Aug.
459 1873 521 1938 17.
540 1872 599 1937 Cn.
618 1869 733 1936 Sentio
749 1867 932 1935 Saturnino

552 1994 619 2037 008·

281 2140 332 2201 Ad
362 2140 535 2221 imperium
562 2150 694 2202 erectus
724 2156 835 2199 omnes
858 2137 965 2199 statim

216 2242 369 2303 decretos
395 2242 538 2301 honores
567 2239 686 2322 recipit
712 2237 845 2320 dempto
869 2259 962 2321 prae·

214 2343 346 2402 nomine
362 2345 590 2420 temeratoris,
617 2354 650 2401 et
673 2340 766 2401 titulo
778 2342 889 2419 patris
903 2360 964 2420 po·

216 2448 313 2516 trine,
331 2439 391 2502 sed
407 2454 440 2502 et
451 2440 536 2500 hunc
549 2440 660 2523 paullo
678 2453 752 2523 post
764 2438 903 2501 admittit
916 2436 961 2521 b).

215 2543 361 2605 Cassium
383 2541 563 2602 Chaeream
579 2542 685 2604 occidi
706 2540 796 2624 jubet
814 2560 881 2603 nou
906 2541 964 2602 do·

216 2647 288 2708 lore
304 2643 392 2707 caesi
405 2641 490 2722 Caji,
511 2641 569 2703 scd
586 2642 757 2725 principis,
781 2655 869 2704 metu
888 2662 963 2726 pro·

213 2747 359 2828 priarum
385 2741 573 2805 insidiarum
598 2747 638 2824 e).
680 2743 843 2808 Antiocho
867 2744 964 2807 Com·

215 2867 375 2931 magenen
412 2869 429 2908 a
462 2846 541 2929 Cajo
577 2845 760 2931 ademptam
803 2847 961 2922 restituit,

152 3018 165 3035 ἱ
215 2950 321 3014 iberis
352 2948 576 3011 Mithridatem
607 2949 726 3031 aCsjo
762 2948 796 3008 in
824 2947 962 3011 vinculis

217 3049 386 3114 detentum
402 3053 554 3124 remittit,
570 3050 665 3112 alteri
685 3049 863 3112 Mithridati
882 3052 963 3112 Bos·

213 3172 334 3236 porum
363 3152 500 3232 largitur
533 3149 605 3211 data
633 3150 805 3213 Polemoni
827 3151 961 3215 Ciliciae

214 3266 319 3335 parte.
360 3252 525 3333 Agrippae
549 3264 616 3311 tum
640 3254 762 3314 llomae
785 3252 960 3334 praesenti,

217 3366 253 3416 et
274 3372 339 3436 qno
361 3351 401 3412 ad
422 3351 656 3435 capessendum
677 3352 852 3436 imperinm
884 3373 960 3416 eon·

212 3453 336 3521 sitiario
368 3466 418 3516 est
443 3477 535 3531 usus,
574 3455 711 3518 ludaeie
741 3474 878 3539 regnum
906 3477 961 3518 au·

214 3570 285 3641 pet,
320 3556 413 3619 lratri
435 3556 562 3619 Herodi
583 3556 804 3619 Chalcidcnen
836 3555 959 3639 adjudi-

212 3673 275 3723 cat.
324 3658 487 3740 Sulpicius
509 3658 613 3721 Galba
635 3659 783 3736 Chattos,
805 3660 842 3724 P.
864 3658 959 3722 Gabi·

213 3760 287 3823 nius
302 3759 450 3823 Chaucos
467 3761 599 3825 vincunt
617 3760 661 3844 ἆ).

475 3908 494 3944 Ι
578 3864 598 3900 ⁴
695 3909 714 3946 fl

280 3960 530 4024 Observandum
553 3964 594 4026 sd
613 3984 746 4041 numos,
780 3987 861 4050 quoa
883 3983 960 4037 ccu-

212 4063 306 4125 tinuo
331 4062 371 4124 ad
395 4085 512 4126 annum
536 4078 742 4146 praesentem
765 4066 958 4143 describam,

213 4185 272 4228 cos
286 4186 399 4229 omnes
425 4165 489 4227 hoc
508 4187 591 4227 anno
609 4165 750 4249 signatos
766 4189 831 4230 non
849 4167 960 4242 luisse,

215 4269 277 4329 etsi
300 4266 439 4350 simplex
457 4268 527 4329 Til.
545 4268 583 4330 P.
599 4267 691 4331 nullo
713 4270 822 4332 addito
847 4290 958 4335 nume·

212 4388 251 4431 ro
270 4368 465 4453 praeierant.
504 4371 583 4433 Nam
606 4369 640 4431 in
661 4372 766 4435 numia
789 4372 885 4455 hujus
900 4374 958 4436 im·

1027 1435 1160 1504 gmeuto
1191 1422 1344 1486 offerunt.
1399 1422 1622 1485 Nihilominus
1654 1444 1764 1487 numus

1026 1543 1141 1586 omncs
1164 1523 1212 1586 sic
1235 1525 1408 1610 inscriptos
1427 1525 1490 1587 ent
1505 1545 1621 1609 vagos,
1644 1526 1767 1613 quamde

1024 1625 1145 1689 rationi
1161 1645 1347 1711 temporum
1362 1645 1429 1689 nou
1444 1626 1688 1713 repugnabunt,
1706 1627 1766 1695 tus

1020 1727 1096 1790 loco
1119 1748 1316 1813 proponam,
1345 1726 1506 1813 quiahoc
1532 1748 1622 1793 auno
1649 1728 1765 1815 signari

1019 1841 1187 1913 poterant,
1214 1829 1277 1894 etsi
1297 1829 1407 1915 reipsa
1435 1830 1556 1917 signati
1582 1830 1673 1897 forte
1701 1851 1764 1897 uos

1018 1929 1151 1994 fuerint.

1085 2133 1267 2218 Deinceps,
1296 2156 1370 2199 com
1393 2134 1543 2200 diversae
1564 2138 1599 2201 iu
1621 2137 1764 2225 ejusdem

1019 2237 1095 2298 anni
1117 2238 1223 2299 nornis
1248 2251 1422 2300 occurrent
1436 2237 1668 2323 inscriptiones
1683 2242 1765 2327 cepi·

1021 2339 1080 2411 tis,
1118 2359 1173 2400 eas
1213 2339 1400 2422 compendii
1436 2358 1532 2402 causa
1563 2343 1764 2425 praemittam

1020 2439 1196 2519 majoribus
1250 2438 1415 2522 alphabeti
1453 2441 1560 2504 literis
1601 2442 1765 2509 dbtiuctss

1021 2560 1102 2623 quae
1119 2540 1237 2602 deinde
1257 2541 1298 2604 ad
1317 2542 1464 2624 singulos
1480 2563 1599 2607 numos
1614 2544 1765 2628 adjicien·

1019 2654 1084 2705 tnr.
1127 2643 1336 2726 Propositum
1364 2642 1450 2705 istud
1483 2663 1646 2729 perquam
1675 2648 1763 2711 utile.

1019 2744 1100 2804 Nam
1138 2744 1365 2829 praeterquam
1395 2743 1483 2831 quod
1517 2746 1762 2833 inscriptionum

1019 2845 1209 2908 uarietatem
1224 2843 1266 2907 ob
1283 2846 1396 2908 oculos
1413 2846 1522 2929 pouit,
1546 2846 1647 2915 docet
1659 2850 1764 2921 etissa,

1020 2967 1082 3030 qua
1112 2947 1331 3030 inscriptionis
1361 2946 1437 3029 lege
1465 2947 1683 3032 imperatores
1712 2974 1765 3015 sn·

1019 3049 1069 3110 nis
1101 3048 1235 3131 singulis
1266 3048 1315 3109 nai
1342 3049 1425 3123 sint,
1454 3063 1523 3112 tum
1546 3072 1631 3137 qqse
1652 3054 1763 3119 iuscri-

1019 3149 1088 3233 ptio
1128 3150 1160 3209 in
1199 3162 1328 3213 moneta
1367 3170 1484 3228 sures,
1521 3166 1558 3217 et
1596 3170 1761 3241 argentes.

1020 3270 1102 3335 qnae
1133 3250 1167 3311 in
1203 3270 1305 3314 aenea
1337 3267 1487 3337 usurpata
1519 3254 1632 3318 luerit.
1682 3258 1761 3320 h’sus

1018 3365 1145 3415 certum
1166 3366 1232 3427 est,
1264 3336 1425 3439 persaepe
1446 3355 1628 3419 secundnm
1648 3370 1760 3423 statam

1017 3453 1127 3535 legem
1150 3454 1366 3539 epigraphen,
1390 3457 1525 3540 quaein
1545 3478 1646 3537 suro,
1666 3474 1702 3525 et
1714 3482 1761 3523 sr·

1017 3570 1117 3640 ganto
1140 3556 1277 3639 legitur,
1305 3578 1370 3619 non
1393 3558 1534 3642 reperiri
1554 3560 1591 3623 iu
1610 3581 1708 3639 aere,
1727 3578 1759 3627 et

1017 3659 1174 3734 vicissim,
1204 3658 1244 3720 ad
1267 3658 1354 3743 quod
1377 3680 1452 3723 cum
1471 3662 1630 3725 nonsatis
1648 3662 1759 3728 adver

1016 3774 1127 3824 terent
1148 3758 1284 3834 falsarii,
1314 3758 1437 3825 alienas
1458 3781 1557 3847 saepe
1574 3763 1682 3829 narnis
1695 3766 1758 3829 suis

1014 3863 1234 3946 inscripsere,
1255 3881 1320 3946 quo
1341 3862 1414 3945 ipso
1429 3863 1516 3925 lrsus
1531 3878 1682 3931 ceterum
1701 3866 1758 3931 sei·

1017 3980 1051 4027 te
1085 3962 1226 4027 ocultata
1252 3964 1400 4045 patescit.
1450 3962 1503 4027 hd
1523 3964 1590 4031 lsoc
1610 3990 1693 4035 rere
1713 3970 1757 4033 is·

1015 4067 1161 4131 stitutum
1182 4085 1247 4126 uno
1268 4064 1341 4127 sere
1364 4086 1477 4131 museo
1498 4066 1663 4136 Cameren
1683 4092 1757 4137 usus

1016 4188 1104 4243 sum,
1125 4180 1221 4250 atque
1244 4180 1428 4253 opportune
1449 4166 1582 4254 quidem
1603 4194 1679 4237 naut
1695 4174 1759 4237 ns·

1015 4292 1128 4335 manse
1160 4284 1312 4333 monetae
1334 4268 1450 4353 opibus
1471 4268 1629 4353 abundat,
1661 4274 1755 4339 etde

1016 4376 1087 4461 ejus
1114 4374 1302 4440 sinceritate
1331 4372 1495 4457 spondere
1521 4375 1593 4461 ipse
1614 4396 1756 4463 mum.

250 4576 281 4633 s)
302 4571 376 4637 llio,
391 4572 565 4644 Suetonius,
581 4590 610 4635 et
624 4582 739 4656 prolixe
755 4581 898 4659 loscpbus
916 4585 983 4641 nnc
998 4583 1030 4641 1.,
1039 4581 1113 4639 xlx.
1131 4594 1191 4645 aa
1265 4582 1300 4655 b)
1319 4582 1376 4641 oio
1392 4585 1424 4643 l..
1435 4584 1492 4643 bl
1508 4588 1570 4655 §.a
1584 4584 1666 4645 sust.
1677 4606 1703 4648 s.
1713 4598 1752 4649 tt.

213 4672 243 4729 ‘l
264 4659 320 4715 ⁰5⁰
335 4658 353 4715 l·
365 4678 391 4717 t·
466 4666 502 4740 d)
523 4671 578 4728 Dio
592 4670 611 4727 l.
627 4690 652 4731 e.
669 4674 728 4747 ht.
747 4673 804 4735 ios.
821 4674 891 4732 Aut.
904 4672 969 4735 lud.
986 4670 1100 4731 Lm
1120 4682 1177 4738 et.
