<?xml version="1.0" encoding="UTF-8"?>
<!DOCTYPE html PUBLIC "-//W3C//DTD XHTML 1.0 Transitional//EN"
    "http://www.w3.org/TR/xhtml1/DTD/xhtml1-transitional.dtd">
<html xmlns="http://www.w3.org/1999/xhtml" xml:lang="en" lang="en">
 <head>
  <title>
</title>
<meta http-equiv="Content-Type" content="text/html;charset=utf-8" />
  <meta name='ocr-system' content='tesseract 3.04.00' />
  <meta name='ocr-capabilities' content='ocr_page ocr_carea ocr_par ocr_line ocrx_word'/>
</head>
<body>
  <div class='ocr_page' id='page_1' title='image "./doctrinanumorum00steigoog_0278.png"; bbox 0 0 4012 5370; ppageno 0'>
   <div class='ocr_carea' id='block_1_1' title="bbox 232 456 1274 557">
    <p class='ocr_par' dir='ltr' id='par_1_1' title="bbox 232 456 1274 557">
     <span class='ocr_line' id='line_1_1' title="bbox 232 456 1274 557; baseline -0.027 0"><span class='ocrx_word' id='word_1_1' title='bbox 232 492 304 557; x_wconf 76' lang='grc' dir='ltr'><em>ιιι</em></span> <span class='ocrx_word' id='word_1_2' title='bbox 422 524 425 529; x_wconf 77' lang='lat'><em>-</em></span> <span class='ocrx_word' id='word_1_3' title='bbox 743 458 980 535; x_wconf 81' lang='lat' dir='ltr'><em>vxonss</em></span> <span class='ocrx_word' id='word_1_4' title='bbox 1017 456 1274 553; x_wconf 70' lang='lat' dir='ltr'><em>curvom</em></span> 
     </span>
    </p>
   </div>
   <div class='ocr_carea' id='block_1_2' title="bbox 221 624 1790 2129">
    <p class='ocr_par' dir='ltr' id='par_1_2' title="bbox 221 624 1790 2129">
     <span class='ocr_line' id='line_1_2' title="bbox 225 624 1790 715; baseline -0.008 -11"><span class='ocrx_word' id='word_1_5' title='bbox 225 631 487 706; x_wconf 54' lang='lat' dir='ltr'><em>nuttam</em></span> <span class='ocrx_word' id='word_1_6' title='bbox 503 627 632 696; x_wconf 79' lang='grc' dir='ltr'><strong>ΚΑΙΣ.</strong></span> <span class='ocrx_word' id='word_1_7' title='bbox 648 624 784 696; x_wconf 76' lang='grc' dir='ltr'><strong>ΣΕΒΑ.</strong></span> <span class='ocrx_word' id='word_1_8' title='bbox 794 625 974 695; x_wconf 75' lang='grc' dir='ltr'><strong>ΓΕΡΜΑ·</strong></span> <span class='ocrx_word' id='word_1_9' title='bbox 1031 641 1082 693; x_wconf 84' lang='lat' dir='ltr'><em>est</em></span> <span class='ocrx_word' id='word_1_10' title='bbox 1102 646 1168 691; x_wconf 88' lang='lat' dir='ltr'><em>nno</em></span> <span class='ocrx_word' id='word_1_11' title='bbox 1189 646 1275 692; x_wconf 82' lang='lat' dir='ltr'><em>anno</em></span> <span class='ocrx_word' id='word_1_12' title='bbox 1295 626 1422 705; x_wconf 77' lang='grc' dir='ltr'><strong>ιοιίιιι,</strong></span> <span class='ocrx_word' id='word_1_13' title='bbox 1465 642 1587 713; x_wconf 82' lang='lat' dir='ltr'><em>nempe</em></span> <span class='ocrx_word' id='word_1_14' title='bbox 1607 629 1674 714; x_wconf 72' lang='lat'><em>796</em></span> <span class='ocrx_word' id='word_1_15' title='bbox 1693 642 1790 715; x_wconf 79' lang='lat' dir='ltr'><em>pstea,</em></span> 
     </span>
     <span class='ocr_line' id='line_1_3' title="bbox 226 727 1785 817; baseline -0.006 -12"><span class='ocrx_word' id='word_1_16' title='bbox 226 741 288 805; x_wconf 85' lang='lat' dir='ltr'><em>NI.</em></span> <span class='ocrx_word' id='word_1_17' title='bbox 307 733 504 802; x_wconf 72' lang='grc' dir='ltr'><strong>ΑΤΤΟΚΡ.</strong></span> <span class='ocrx_word' id='word_1_18' title='bbox 520 736 559 798; x_wconf 67' lang='lat'><em>1..</em></span> <span class='ocrx_word' id='word_1_19' title='bbox 580 732 620 796; x_wconf 74' lang='lat' dir='ltr'><em>A.</em></span> <span class='ocrx_word' id='word_1_20' title='bbox 636 730 675 795; x_wconf 89' lang='lat' dir='ltr'><em>B.</em></span> <span class='ocrx_word' id='word_1_21' title='bbox 693 727 733 796; x_wconf 89' lang='grc' dir='ltr'><em>Γ.</em></span> <span class='ocrx_word' id='word_1_22' title='bbox 750 730 791 799; x_wconf 79' lang='grc' dir='ltr'><em>Δ.</em></span> <span class='ocrx_word' id='word_1_23' title='bbox 805 732 845 794; x_wconf 71' lang='lat'><em>1³.</em></span> <span class='ocrx_word' id='word_1_24' title='bbox 859 758 891 808; x_wconf 76' lang='grc' dir='ltr'><em>ς.</em></span> <span class='ocrx_word' id='word_1_25' title='bbox 911 734 974 797; x_wconf 87' lang='lat' dir='ltr'><em>Ca·</em></span> <span class='ocrx_word' id='word_1_26' title='bbox 1032 750 1141 816; x_wconf 89' lang='lat' dir='ltr'><em>neque</em></span> <span class='ocrx_word' id='word_1_27' title='bbox 1178 730 1277 793; x_wconf 83' lang='lat' dir='ltr'><em>etiarn</em></span> <span class='ocrx_word' id='word_1_28' title='bbox 1304 729 1530 795; x_wconf 75' lang='lat' dir='ltr'><em>Britannicum</em></span> <span class='ocrx_word' id='word_1_29' title='bbox 1568 730 1720 817; x_wconf 83' lang='lat' dir='ltr'><em>potuisse</em></span> <span class='ocrx_word' id='word_1_30' title='bbox 1752 733 1785 795; x_wconf 85' lang='lat' dir='ltr'><em>in</em></span> 
     </span>
     <span class='ocr_line' id='line_1_4' title="bbox 221 830 1790 928; baseline -0.005 -22"><span class='ocrx_word' id='word_1_31' title='bbox 221 855 285 928; x_wconf 85' lang='lat' dir='ltr'><em>put</em></span> <span class='ocrx_word' id='word_1_32' title='bbox 312 841 449 904; x_wconf 77' lang='lat' dir='ltr'><em>Claudii</em></span> <span class='ocrx_word' id='word_1_33' title='bbox 481 838 682 901; x_wconf 85' lang='lat' dir='ltr'><em>laureatum.</em></span> <span class='ocrx_word' id='word_1_34' title='bbox 723 834 794 899; x_wconf 71' lang='lat' dir='ltr'><em>stt</em></span> <span class='ocrx_word' id='word_1_35' title='bbox 817 832 911 897; x_wconf 81' lang='lat' dir='ltr'><strong>mixti</strong></span> <span class='ocrx_word' id='word_1_36' title='bbox 947 836 973 902; x_wconf 89' lang='lat' dir='ltr'><em>l.</em></span> <span class='ocrx_word' id='word_1_37' title='bbox 1009 852 1134 912; x_wconf 42' lang='lat' dir='ltr'><em>,numo</em></span> <span class='ocrx_word' id='word_1_38' title='bbox 1155 832 1278 897; x_wconf 81' lang='lat' dir='ltr'><em>ennii.</em></span> <span class='ocrx_word' id='word_1_39' title='bbox 1308 831 1461 917; x_wconf 83' lang='lat' dir='ltr'><em>proponi.</em></span> <span class='ocrx_word' id='word_1_40' title='bbox 1497 830 1536 895; x_wconf 81' lang='lat' dir='ltr'><em>ei</em></span> <span class='ocrx_word' id='word_1_41' title='bbox 1558 851 1645 919; x_wconf 72' lang='lat' dir='ltr'><em>ergo</em></span> <span class='ocrx_word' id='word_1_42' title='bbox 1664 831 1736 897; x_wconf 83' lang='lat' dir='ltr'><em>bini</em></span> <span class='ocrx_word' id='word_1_43' title='bbox 1756 832 1790 898; x_wconf 84' lang='lat' dir='ltr'><em>iti</em></span> 
     </span>
     <span class='ocr_line' id='line_1_5' title="bbox 222 932 1789 1028; baseline -0.005 -20"><span class='ocrx_word' id='word_1_44' title='bbox 222 946 369 1028; x_wconf 73' lang='lat' dir='ltr'><em>(Beger,</em></span> <span class='ocrx_word' id='word_1_45' title='bbox 394 943 479 1004; x_wconf 77' lang='lat' dir='ltr'><em>Mus.</em></span> <span class='ocrx_word' id='word_1_46' title='bbox 494 939 587 1003; x_wconf 82' lang='lat' dir='ltr'><em>Caes.</em></span> <span class='ocrx_word' id='word_1_47' title='bbox 602 936 738 1013; x_wconf 81' lang='lat' dir='ltr'><em>Stosols,</em></span> <span class='ocrx_word' id='word_1_48' title='bbox 758 935 953 1021; x_wconf 78' lang='lat' dir='ltr'><em>Theupoli.)</em></span> <span class='ocrx_word' id='word_1_49' title='bbox 1032 934 1175 999; x_wconf 84' lang='lat' dir='ltr'><em>inientes</em></span> <span class='ocrx_word' id='word_1_50' title='bbox 1191 954 1271 1001; x_wconf 82' lang='lat' dir='ltr'><em>rese</em></span> <span class='ocrx_word' id='word_1_51' title='bbox 1290 948 1365 998; x_wconf 85' lang='lat' dir='ltr'><em>sunt</em></span> <span class='ocrx_word' id='word_1_52' title='bbox 1377 932 1573 1000; x_wconf 68' lang='lat' dir='ltr'><em>Messalinae</em></span> <span class='ocrx_word' id='word_1_53' title='bbox 1590 934 1711 1013; x_wconf 83' lang='lat' dir='ltr'><em>liberi,</em></span> <span class='ocrx_word' id='word_1_54' title='bbox 1736 956 1789 1000; x_wconf 86' lang='lat' dir='ltr'><em>ns·</em></span> 
     </span>
     <span class='ocr_line' id='line_1_6' title="bbox 285 1036 1784 1124; baseline -0.004 -16"><span class='ocrx_word' id='word_1_55' title='bbox 285 1048 324 1108; x_wconf 86' lang='lat' dir='ltr'><em>iu</em></span> <span class='ocrx_word' id='word_1_56' title='bbox 336 1041 487 1107; x_wconf 87' lang='lat' dir='ltr'><em>omnibus</em></span> <span class='ocrx_word' id='word_1_57' title='bbox 506 1040 558 1104; x_wconf 88' lang='lat' dir='ltr'><em>his</em></span> <span class='ocrx_word' id='word_1_58' title='bbox 574 1039 701 1115; x_wconf 76' lang='lat' dir='ltr'><em>numia,</em></span> <span class='ocrx_word' id='word_1_59' title='bbox 718 1038 774 1124; x_wconf 79' lang='lat' dir='ltr'><em>qui</em></span> <span class='ocrx_word' id='word_1_60' title='bbox 790 1041 832 1102; x_wconf 82' lang='lat' dir='ltr'><em>sd</em></span> <span class='ocrx_word' id='word_1_61' title='bbox 846 1050 975 1102; x_wconf 83' lang='lat' dir='ltr'><em>sextum</em></span> <span class='ocrx_word' id='word_1_62' title='bbox 1034 1056 1129 1101; x_wconf 85' lang='lat' dir='ltr'><em>cesse</em></span> <span class='ocrx_word' id='word_1_63' title='bbox 1150 1049 1220 1115; x_wconf 86' lang='lat' dir='ltr'><em>est,</em></span> <span class='ocrx_word' id='word_1_64' title='bbox 1240 1036 1360 1100; x_wconf 77' lang='lat' dir='ltr'><em>nomn</em></span> <span class='ocrx_word' id='word_1_65' title='bbox 1375 1056 1442 1100; x_wconf 87' lang='lat' dir='ltr'><em>uno</em></span> <span class='ocrx_word' id='word_1_66' title='bbox 1459 1049 1515 1102; x_wconf 82' lang='lat' dir='ltr'><em>sut</em></span> <span class='ocrx_word' id='word_1_67' title='bbox 1535 1036 1784 1123; x_wconf 68' lang='lat' dir='ltr'><em>intelligentius</em></span> 
     </span>
     <span class='ocr_line' id='line_1_7' title="bbox 225 1137 1787 1231; baseline -0.006 -19"><span class='ocrx_word' id='word_1_68' title='bbox 225 1166 329 1231; x_wconf 83' lang='lat' dir='ltr'><em>usqae</em></span> <span class='ocrx_word' id='word_1_69' title='bbox 344 1143 473 1210; x_wconf 80' lang='lat' dir='ltr'><em>Claudii</em></span> <span class='ocrx_word' id='word_1_70' title='bbox 495 1163 615 1208; x_wconf 87' lang='lat' dir='ltr'><em>sunum</em></span> <span class='ocrx_word' id='word_1_71' title='bbox 630 1139 848 1205; x_wconf 75' lang='lat' dir='ltr'><em>Alexandriae</em></span> <span class='ocrx_word' id='word_1_72' title='bbox 871 1140 977 1225; x_wconf 73' lang='lat' dir='ltr'><em>signa·</em></span> <span class='ocrx_word' id='word_1_73' title='bbox 1034 1139 1128 1203; x_wconf 83' lang='lat' dir='ltr'><em>aliam</em></span> <span class='ocrx_word' id='word_1_74' title='bbox 1144 1139 1341 1203; x_wconf 75' lang='lat' dir='ltr'><em>Messalinae</em></span> <span class='ocrx_word' id='word_1_75' title='bbox 1354 1137 1483 1223; x_wconf 90' lang='lat' dir='ltr'><em>prolem</em></span> <span class='ocrx_word' id='word_1_76' title='bbox 1501 1138 1594 1220; x_wconf 86' lang='lat' dir='ltr'><em>ptius</em></span> <span class='ocrx_word' id='word_1_77' title='bbox 1613 1152 1738 1219; x_wconf 81' lang='grc' dir='ltr'><strong>ιιιιιιιι,</strong></span> <span class='ocrx_word' id='word_1_78' title='bbox 1755 1154 1787 1204; x_wconf 84' lang='lat' dir='ltr'><em>et</em></span> 
     </span>
     <span class='ocr_line' id='line_1_8' title="bbox 225 1236 1784 1325; baseline -0.003 -14"><span class='ocrx_word' id='word_1_79' title='bbox 225 1249 252 1312; x_wconf 90' lang='lat' dir='ltr'><em>ti</em></span> <span class='ocrx_word' id='word_1_80' title='bbox 272 1261 364 1324; x_wconf 87' lang='lat' dir='ltr'><em>sunt,</em></span> <span class='ocrx_word' id='word_1_81' title='bbox 391 1243 588 1308; x_wconf 71' lang='lat' dir='ltr'><em>Messalinae</em></span> <span class='ocrx_word' id='word_1_82' title='bbox 609 1236 773 1318; x_wconf 76' lang='grc' dir='ltr'><em>Σιβαςης,</em></span> <span class='ocrx_word' id='word_1_83' title='bbox 795 1247 975 1323; x_wconf 77' lang='lat' dir='ltr'><em>Augustae</em></span> <span class='ocrx_word' id='word_1_84' title='bbox 1034 1240 1171 1305; x_wconf 80' lang='lat' dir='ltr'><em>subinde</em></span> <span class='ocrx_word' id='word_1_85' title='bbox 1191 1254 1371 1320; x_wconf 86' lang='lat' dir='ltr'><em>mortuam,</em></span> <span class='ocrx_word' id='word_1_86' title='bbox 1399 1254 1486 1307; x_wconf 82' lang='lat' dir='ltr'><em>suta</em></span> <span class='ocrx_word' id='word_1_87' title='bbox 1504 1243 1644 1325; x_wconf 75' lang='lat' dir='ltr'><em>Begero</em></span> <span class='ocrx_word' id='word_1_88' title='bbox 1661 1243 1784 1307; x_wconf 84' lang='lat' dir='ltr'><em>sinistre</em></span> 
     </span>
     <span class='ocr_line' id='line_1_9' title="bbox 225 1340 1784 1430; baseline -0.002 -18"><span class='ocrx_word' id='word_1_89' title='bbox 225 1350 338 1413; x_wconf 89' lang='lat' dir='ltr'><em>titulus</em></span> <span class='ocrx_word' id='word_1_90' title='bbox 367 1359 517 1430; x_wconf 80' lang='lat' dir='ltr'><em>negatur.</em></span> <span class='ocrx_word' id='word_1_91' title='bbox 566 1345 743 1408; x_wconf 78' lang='lat' dir='ltr'><em>Praeclare</em></span> <span class='ocrx_word' id='word_1_92' title='bbox 765 1342 829 1406; x_wconf 79' lang='lat' dir='ltr'><em>hoc</em></span> <span class='ocrx_word' id='word_1_93' title='bbox 857 1340 976 1406; x_wconf 86' lang='lat' dir='ltr'><em>conlir·</em></span> <span class='ocrx_word' id='word_1_94' title='bbox 1033 1365 1152 1407; x_wconf 86' lang='grc' dir='ltr'><strong>ιιιιιιιιιι</strong></span> <span class='ocrx_word' id='word_1_95' title='bbox 1168 1363 1210 1407; x_wconf 80' lang='lat' dir='ltr'><em>ex</em></span> <span class='ocrx_word' id='word_1_96' title='bbox 1224 1355 1324 1407; x_wconf 78' lang='lat' dir='ltr'><em>uenio</em></span> <span class='ocrx_word' id='word_1_97' title='bbox 1345 1356 1521 1428; x_wconf 84' lang='lat' dir='ltr'><em>exceptum</em></span> <span class='ocrx_word' id='word_1_98' title='bbox 1541 1342 1692 1426; x_wconf 70' lang='lat' dir='ltr'><em>legendo</em></span> <span class='ocrx_word' id='word_1_99' title='bbox 1705 1342 1784 1409; x_wconf 73' lang='lat' dir='ltr'><em>forts</em></span> 
     </span>
     <span class='ocr_line' id='line_1_10' title="bbox 224 1443 1786 1533; baseline -0.003 -19"><span class='ocrx_word' id='word_1_100' title='bbox 224 1464 332 1514; x_wconf 82' lang='lat' dir='ltr'><em>matur</em></span> <span class='ocrx_word' id='word_1_101' title='bbox 351 1447 512 1512; x_wconf 81' lang='lat' dir='ltr'><em>sententis</em></span> <span class='ocrx_word' id='word_1_102' title='bbox 531 1446 663 1522; x_wconf 85' lang='lat' dir='ltr'><em>Dionis,</em></span> <span class='ocrx_word' id='word_1_103' title='bbox 694 1443 750 1529; x_wconf 91' lang='lat' dir='ltr'><em>qui</em></span> <span class='ocrx_word' id='word_1_104' title='bbox 769 1443 973 1508; x_wconf 77' lang='lat' dir='ltr'><em>adulterum</em></span> <span class='ocrx_word' id='word_1_105' title='bbox 1032 1447 1070 1506; x_wconf 85' lang='lat' dir='ltr'><em>L.-</em></span> <span class='ocrx_word' id='word_1_106' title='bbox 1093 1447 1138 1511; x_wconf 82' lang='lat' dir='ltr'><em>A.</em></span> <span class='ocrx_word' id='word_1_107' title='bbox 1162 1465 1225 1530; x_wconf 85' lang='lat' dir='ltr'><em>pro</em></span> <span class='ocrx_word' id='word_1_108' title='bbox 1248 1447 1288 1508; x_wconf 77' lang='lat'><em>1..</em></span> <span class='ocrx_word' id='word_1_109' title='bbox 1311 1443 1360 1522; x_wconf 87' lang='grc' dir='ltr'><em>Δ,</em></span> <span class='ocrx_word' id='word_1_110' title='bbox 1400 1457 1436 1508; x_wconf 90' lang='lat' dir='ltr'><em>ut</em></span> <span class='ocrx_word' id='word_1_111' title='bbox 1466 1464 1545 1509; x_wconf 81' lang='lat' dir='ltr'><em>sene</em></span> <span class='ocrx_word' id='word_1_112' title='bbox 1566 1447 1786 1533; x_wconf 69' lang='lat' dir='ltr'><em>Begeas&#39;anm</em></span> 
     </span>
     <span class='ocr_line' id='line_1_11' title="bbox 222 1546 1780 1632; baseline -0.001 -15"><span class='ocrx_word' id='word_1_113' title='bbox 222 1551 353 1617; x_wconf 78' lang='lat' dir='ltr'><em>Claudii</em></span> <span class='ocrx_word' id='word_1_114' title='bbox 387 1568 508 1613; x_wconf 88' lang='lat' dir='ltr'><em>annum</em></span> <span class='ocrx_word' id='word_1_115' title='bbox 537 1547 709 1632; x_wconf 79' lang='lat' dir='ltr'><em>perhibet,</em></span> <span class='ocrx_word' id='word_1_116' title='bbox 741 1566 808 1610; x_wconf 88' lang='lat' dir='ltr'><em>uon</em></span> <span class='ocrx_word' id='word_1_117' title='bbox 842 1566 973 1631; x_wconf 82' lang='lat' dir='ltr'><em>passum</em></span> <span class='ocrx_word' id='word_1_118' title='bbox 1030 1547 1118 1611; x_wconf 84' lang='lat' dir='ltr'><em>huno</em></span> <span class='ocrx_word' id='word_1_119' title='bbox 1147 1568 1266 1611; x_wconf 87' lang='lat' dir='ltr'><em>annum</em></span> <span class='ocrx_word' id='word_1_120' title='bbox 1302 1547 1337 1610; x_wconf 89' lang='lat' dir='ltr'><em>in</em></span> <span class='ocrx_word' id='word_1_121' title='bbox 1365 1546 1458 1613; x_wconf 85' lang='lat' dir='ltr'><em>nullo</em></span> <span class='ocrx_word' id='word_1_122' title='bbox 1487 1546 1555 1611; x_wconf 85' lang='lat' dir='ltr'><em>alio</em></span> <span class='ocrx_word' id='word_1_123' title='bbox 1585 1548 1780 1615; x_wconf 73' lang='grc' dir='ltr'><strong>ΜοιιιῙίιιιο</strong></span> 
     </span>
     <span class='ocr_line' id='line_1_12' title="bbox 227 1648 1674 1738; baseline -0.004 -19"><span class='ocrx_word' id='word_1_124' title='bbox 227 1654 329 1719; x_wconf 73' lang='grc' dir='ltr'><strong>ιἰιίιιο</strong></span> <span class='ocrx_word' id='word_1_125' title='bbox 357 1649 544 1727; x_wconf 80' lang='lat' dir='ltr'><em>Claudium,</em></span> <span class='ocrx_word' id='word_1_126' title='bbox 583 1649 779 1715; x_wconf 71' lang='lat' dir='ltr'>Messalinae</span> <span class='ocrx_word' id='word_1_127' title='bbox 809 1648 974 1727; x_wconf 79' lang='lat' dir='ltr'><em>honorem</em></span> <span class='ocrx_word' id='word_1_128' title='bbox 1031 1667 1164 1714; x_wconf 81' lang='lat' dir='ltr'><em>numos</em></span> <span class='ocrx_word' id='word_1_129' title='bbox 1183 1649 1338 1738; x_wconf 83' lang='lat' dir='ltr'><em>quopiam</em></span> <span class='ocrx_word' id='word_1_130' title='bbox 1353 1649 1526 1715; x_wconf 83' lang='lat' dir='ltr'><em>recitatum</em></span> <span class='ocrx_word' id='word_1_131' title='bbox 1545 1649 1674 1736; x_wconf 84' lang='lat' dir='ltr'><em>reperi.</em></span> 
     </span>
     <span class='ocr_line' id='line_1_13' title="bbox 223 1751 974 1840; baseline -0.013 -19"><span class='ocrx_word' id='word_1_132' title='bbox 223 1759 404 1840; x_wconf 74' lang='lat' dir='ltr'><em>Augustae</em></span> <span class='ocrx_word' id='word_1_133' title='bbox 431 1751 558 1817; x_wconf 82' lang='lat' dir='ltr'><em>deferri</em></span> <span class='ocrx_word' id='word_1_134' title='bbox 582 1752 623 1833; x_wconf 82' lang='lat'><em>¹).</em></span> <span class='ocrx_word' id='word_1_135' title='bbox 662 1751 760 1814; x_wconf 83' lang='lat' dir='ltr'><em>Numi</em></span> <span class='ocrx_word' id='word_1_136' title='bbox 782 1762 974 1835; x_wconf 72' lang='lat' dir='ltr'><em>praesentes</em></span> 
     </span>
     <span class='ocr_line' id='line_1_14' title="bbox 224 1856 973 1934; baseline -0.013 -13"><span class='ocrx_word' id='word_1_137' title='bbox 224 1879 295 1921; x_wconf 84' lang='lat' dir='ltr'><em>earn</em></span> <span class='ocrx_word' id='word_1_138' title='bbox 323 1869 448 1920; x_wconf 86' lang='lat' dir='ltr'><em>tantum</em></span> <span class='ocrx_word' id='word_1_139' title='bbox 482 1857 637 1918; x_wconf 77' lang='lat' dir='ltr'><em>Caesaris</em></span> <span class='ocrx_word' id='word_1_140' title='bbox 656 1856 809 1934; x_wconf 76' lang='lat' dir='ltr'><em>Augusti</em></span> <span class='ocrx_word' id='word_1_141' title='bbox 836 1871 973 1914; x_wconf 82' lang='lat' dir='ltr'><em>uxorem</em></span> 
     </span>
     <span class='ocr_line' id='line_1_15' title="bbox 222 1953 973 2043; baseline -0.013 -19"><span class='ocrx_word' id='word_1_142' title='bbox 222 1958 397 2043; x_wconf 78' lang='lat' dir='ltr'><em>appellunt.</em></span> <span class='ocrx_word' id='word_1_143' title='bbox 451 1953 518 2017; x_wconf 59' lang='lat' dir='ltr'><em>Scsl</em></span> <span class='ocrx_word' id='word_1_144' title='bbox 559 1956 591 2013; x_wconf 88' lang='lat' dir='ltr'><em>in</em></span> <span class='ocrx_word' id='word_1_145' title='bbox 632 1956 797 2036; x_wconf 76' lang='lat' dir='ltr'><em>Augustae</em></span> <span class='ocrx_word' id='word_1_146' title='bbox 845 1955 973 2014; x_wconf 85' lang='lat' dir='ltr'><em>titulum</em></span> 
     </span>
     <span class='ocr_line' id='line_1_16' title="bbox 225 2053 974 2129; baseline -0.009 -7"><span class='ocrx_word' id='word_1_147' title='bbox 225 2060 433 2124; x_wconf 77' lang='lat' dir='ltr'><em>Messalinam</em></span> <span class='ocrx_word' id='word_1_148' title='bbox 463 2055 568 2118; x_wconf 83' lang='lat' dir='ltr'><em>serius</em></span> <span class='ocrx_word' id='word_1_149' title='bbox 598 2054 761 2117; x_wconf 72' lang='lat' dir='ltr'><em>involasse</em></span> <span class='ocrx_word' id='word_1_150' title='bbox 793 2074 835 2117; x_wconf 81' lang='lat' dir='ltr'><em>ox</em></span> <span class='ocrx_word' id='word_1_151' title='bbox 858 2053 974 2129; x_wconf 86' lang='lat' dir='ltr'><em>onmis,</em></span> 
     </span>
    </p>
   </div>
   <div class='ocr_carea' id='block_1_3' title="bbox 1129 1950 1783 2031">
    <p class='ocr_par' dir='ltr' id='par_1_3' title="bbox 1129 1950 1783 2031">
     <span class='ocr_line' id='line_1_17' title="bbox 1129 1950 1783 2031; baseline 0.003 -18"><span class='ocrx_word' id='word_1_152' title='bbox 1129 1951 1233 2016; x_wconf 82' lang='grc' dir='ltr'><strong>ΘΕΑ.</strong></span> <span class='ocrx_word' id='word_1_153' title='bbox 1255 1950 1501 2031; x_wconf 80' lang='grc' dir='ltr'>ΣΕΒΑΣΤΗ,</span> <span class='ocrx_word' id='word_1_154' title='bbox 1531 1956 1587 2017; x_wconf 81' lang='lat' dir='ltr'><em>ecl</em></span> <span class='ocrx_word' id='word_1_155' title='bbox 1609 1950 1783 2018; x_wconf 78' lang='lat' dir='ltr'><strong>OTAAE·</strong></span> 
     </span>
    </p>
   </div>
   <div class='ocr_carea' id='block_1_4' title="bbox 1129 2048 1781 2119">
    <p class='ocr_par' dir='ltr' id='par_1_4' title="bbox 1129 2048 1781 2119">
     <span class='ocr_line' id='line_1_18' title="bbox 1129 2048 1781 2119; baseline 0 -4"><span class='ocrx_word' id='word_1_156' title='bbox 1129 2052 1216 2117; x_wconf 72' lang='lat' dir='ltr'><strong>PIA.</strong></span> <span class='ocrx_word' id='word_1_157' title='bbox 1225 2048 1536 2119; x_wconf 77' lang='grc' dir='ltr'><strong>ΜΕΣΣΑΛΙΝΑ.</strong></span> <span class='ocrx_word' id='word_1_158' title='bbox 1544 2049 1781 2119; x_wconf 67' lang='lat' dir='ltr'><em>zenam.</em></span> 
     </span>
    </p>
   </div>
   <div class='ocr_carea' id='block_1_5' title="bbox 225 2154 1360 2248">
    <p class='ocr_par' dir='ltr' id='par_1_5' title="bbox 225 2154 1360 2248">
     <span class='ocr_line' id='line_1_19' title="bbox 225 2154 1360 2248; baseline -0.004 -24"><span class='ocrx_word' id='word_1_159' title='bbox 225 2181 307 2248; x_wconf 86' lang='lat' dir='ltr'><em>quos</em></span> <span class='ocrx_word' id='word_1_160' title='bbox 332 2160 486 2223; x_wconf 88' lang='lat' dir='ltr'><em>continuo</em></span> <span class='ocrx_word' id='word_1_161' title='bbox 512 2154 738 2232; x_wconf 68' lang='lat' dir='ltr'><em>recitabimus,</em></span> <span class='ocrx_word' id='word_1_162' title='bbox 768 2156 874 2240; x_wconf 82' lang='lat' dir='ltr'><em>palam</em></span> <span class='ocrx_word' id='word_1_163' title='bbox 897 2155 973 2230; x_wconf 87' lang='lat' dir='ltr'><em>liet,</em></span> <span class='ocrx_word' id='word_1_164' title='bbox 1128 2154 1360 2240; x_wconf 73' lang='lat' dir='ltr'><em>Hujuscaput.</em></span> 
     </span>
    </p>
   </div>
   <div class='ocr_carea' id='block_1_6' title="bbox 223 2256 975 2346">
    <p class='ocr_par' dir='ltr' id='par_1_6' title="bbox 223 2256 975 2346">
     <span class='ocr_line' id='line_1_20' title="bbox 223 2256 975 2346; baseline -0.009 -19"><span class='ocrx_word' id='word_1_165' title='bbox 223 2260 312 2346; x_wconf 83' lang='lat' dir='ltr'><em>quod</em></span> <span class='ocrx_word' id='word_1_166' title='bbox 327 2274 436 2325; x_wconf 85' lang='lat' dir='ltr'><em>temen</em></span> <span class='ocrx_word' id='word_1_167' title='bbox 455 2258 576 2323; x_wconf 86' lang='lat' dir='ltr'><em>reticet</em></span> <span class='ocrx_word' id='word_1_168' title='bbox 590 2258 671 2335; x_wconf 90' lang='lat' dir='ltr'><em>Dio,</em></span> <span class='ocrx_word' id='word_1_169' title='bbox 704 2256 768 2319; x_wconf 90' lang='lat' dir='ltr'><em>etsi</em></span> <span class='ocrx_word' id='word_1_170' title='bbox 785 2256 890 2320; x_wconf 78' lang='lat' dir='ltr'><em>scrius</em></span> <span class='ocrx_word' id='word_1_171' title='bbox 910 2269 975 2320; x_wconf 87' lang='lat' dir='ltr'><em>tra·</em></span> 
     </span>
    </p>
   </div>
   <div class='ocr_carea' id='block_1_7' title="bbox 179 2358 973 4577">
    <p class='ocr_par' dir='ltr' id='par_1_7' title="bbox 221 2358 973 3054">
     <span class='ocr_line' id='line_1_21' title="bbox 225 2358 973 2445; baseline -0.012 -18"><span class='ocrx_word' id='word_1_172' title='bbox 225 2364 280 2427; x_wconf 78' lang='lat' dir='ltr'><em>dat</em></span> <span class='ocrx_word' id='word_1_173' title='bbox 302 2361 356 2442; x_wconf 77' lang='lat' dir='ltr'><em>b),</em></span> <span class='ocrx_word' id='word_1_174' title='bbox 390 2362 423 2425; x_wconf 87' lang='lat' dir='ltr'><em>ei</em></span> <span class='ocrx_word' id='word_1_175' title='bbox 444 2363 584 2445; x_wconf 85' lang='lat' dir='ltr'><em>primum</em></span> <span class='ocrx_word' id='word_1_176' title='bbox 615 2358 649 2420; x_wconf 91' lang='lat' dir='ltr'><em>in</em></span> <span class='ocrx_word' id='word_1_177' title='bbox 672 2377 829 2422; x_wconf 86' lang='lat' dir='ltr'><em>consessu</em></span> <span class='ocrx_word' id='word_1_178' title='bbox 852 2358 973 2435; x_wconf 85' lang='lat' dir='ltr'><em>locum,</em></span> 
     </span>
     <span class='ocr_line' id='line_1_22' title="bbox 224 2461 973 2548; baseline -0.016 -21"><span class='ocrx_word' id='word_1_179' title='bbox 224 2477 260 2527; x_wconf 84' lang='lat' dir='ltr'><em>ut</em></span> <span class='ocrx_word' id='word_1_180' title='bbox 277 2463 390 2527; x_wconf 83' lang='lat' dir='ltr'><em>Liviae</em></span> <span class='ocrx_word' id='word_1_181' title='bbox 415 2461 597 2548; x_wconf 85' lang='lat' dir='ltr'><em>quondam,</em></span> <span class='ocrx_word' id='word_1_182' title='bbox 623 2474 724 2544; x_wconf 87' lang='lat' dir='ltr'><em>utque</em></span> <span class='ocrx_word' id='word_1_183' title='bbox 744 2472 901 2542; x_wconf 89' lang='lat' dir='ltr'><em>carpento</em></span> <span class='ocrx_word' id='word_1_184' title='bbox 916 2478 973 2522; x_wconf 81' lang='lat' dir='ltr'><em>ve.</em></span> 
     </span>
     <span class='ocr_line' id='line_1_23' title="bbox 223 2559 971 2640; baseline -0.008 -11"><span class='ocrx_word' id='word_1_185' title='bbox 223 2566 379 2640; x_wconf 75' lang='lat' dir='ltr'><em>iteretur,</em></span> <span class='ocrx_word' id='word_1_186' title='bbox 416 2563 598 2628; x_wconf 81' lang='lat' dir='ltr'><em>decretum.</em></span> <span class='ocrx_word' id='word_1_187' title='bbox 654 2563 699 2623; x_wconf 79' lang='lat' dir='ltr'><em>At</em></span> <span class='ocrx_word' id='word_1_188' title='bbox 734 2561 822 2624; x_wconf 87' lang='lat' dir='ltr'><em>enim</em></span> <span class='ocrx_word' id='word_1_189' title='bbox 860 2559 971 2630; x_wconf 84' lang='lat' dir='ltr'><em>multis</em></span> 
     </span>
     <span class='ocr_line' id='line_1_24' title="bbox 221 2661 971 2754; baseline -0.011 -21"><span class='ocrx_word' id='word_1_190' title='bbox 221 2668 367 2754; x_wconf 85' lang='lat' dir='ltr'><em>partibus</em></span> <span class='ocrx_word' id='word_1_191' title='bbox 389 2686 520 2730; x_wconf 87' lang='lat' dir='ltr'><em>mancus</em></span> <span class='ocrx_word' id='word_1_192' title='bbox 548 2663 608 2726; x_wconf 80' lang='lat' dir='ltr'><em>hic</em></span> <span class='ocrx_word' id='word_1_193' title='bbox 615 2662 731 2725; x_wconf 88' lang='lat' dir='ltr'><em>Dionis</em></span> <span class='ocrx_word' id='word_1_194' title='bbox 747 2663 834 2726; x_wconf 86' lang='lat' dir='ltr'><em>liber</em></span> <span class='ocrx_word' id='word_1_195' title='bbox 856 2661 897 2726; x_wconf 81' lang='lat' dir='ltr'><em>erl</em></span> <span class='ocrx_word' id='word_1_196' title='bbox 911 2682 971 2725; x_wconf 92' lang='lat' dir='ltr'><em>nos</em></span> 
     </span>
     <span class='ocr_line' id='line_1_25' title="bbox 222 2764 970 2858; baseline -0.009 -24"><span class='ocrx_word' id='word_1_197' title='bbox 222 2770 382 2858; x_wconf 81' lang='lat' dir='ltr'><em>persenit.</em></span> <span class='ocrx_word' id='word_1_198' title='bbox 422 2769 482 2829; x_wconf 89' lang='lat' dir='ltr'><em>Est</em></span> <span class='ocrx_word' id='word_1_199' title='bbox 497 2767 603 2828; x_wconf 81' lang='lat' dir='ltr'><em>numia</em></span> <span class='ocrx_word' id='word_1_200' title='bbox 620 2764 754 2828; x_wconf 85' lang='lat' dir='ltr'><em>testibus</em></span> <span class='ocrx_word' id='word_1_201' title='bbox 771 2766 851 2827; x_wconf 91' lang='lat' dir='ltr'><em>haec</em></span> <span class='ocrx_word' id='word_1_202' title='bbox 866 2765 970 2848; x_wconf 79' lang='lat' dir='ltr'><em>prime</em></span> 
     </span>
     <span class='ocr_line' id='line_1_26' title="bbox 221 2865 970 2952; baseline -0.012 -14"><span class='ocrx_word' id='word_1_203' title='bbox 221 2876 396 2937; x_wconf 77' lang='lat' dir='ltr'><em>Caesarum</em></span> <span class='ocrx_word' id='word_1_204' title='bbox 409 2888 505 2946; x_wconf 86' lang='lat' dir='ltr'><em>uxor,</em></span> <span class='ocrx_word' id='word_1_205' title='bbox 521 2866 575 2932; x_wconf 84' lang='lat' dir='ltr'><em>cui</em></span> <span class='ocrx_word' id='word_1_206' title='bbox 587 2869 749 2952; x_wconf 77' lang='lat' dir='ltr'><em>Augustae</em></span> <span class='ocrx_word' id='word_1_207' title='bbox 766 2865 878 2929; x_wconf 86' lang='lat' dir='ltr'><em>titulus</em></span> <span class='ocrx_word' id='word_1_208' title='bbox 895 2866 970 2933; x_wconf 80' lang='lat' dir='ltr'><em>vivo</em></span> 
     </span>
     <span class='ocr_line' id='line_1_27' title="bbox 223 2971 612 3054; baseline -0.01 -16"><span class='ocrx_word' id='word_1_209' title='bbox 223 2974 341 3039; x_wconf 81' lang='lat' dir='ltr'><em>marito</em></span> <span class='ocrx_word' id='word_1_210' title='bbox 359 2971 421 3034; x_wconf 82' lang='lat' dir='ltr'><em>fuit</em></span> <span class='ocrx_word' id='word_1_211' title='bbox 435 2971 612 3054; x_wconf 86' lang='lat' dir='ltr'><em>appositus.</em></span> 
     </span>
    </p>

    <p class='ocr_par' dir='ltr' id='par_1_8' title="bbox 179 3067 971 4577">
     <span class='ocr_line' id='line_1_28' title="bbox 285 3067 969 3154; baseline -0.006 -19"><span class='ocrx_word' id='word_1_212' title='bbox 285 3072 338 3135; x_wconf 81' lang='lat' dir='ltr'><em>Ad</em></span> <span class='ocrx_word' id='word_1_213' title='bbox 354 3086 466 3154; x_wconf 83' lang='lat' dir='ltr'><em>typum</em></span> <span class='ocrx_word' id='word_1_214' title='bbox 479 3071 568 3154; x_wconf 82' lang='lat' dir='ltr'><em>quod</em></span> <span class='ocrx_word' id='word_1_215' title='bbox 583 3069 708 3143; x_wconf 81' lang='lat' dir='ltr'><em>attinet,</em></span> <span class='ocrx_word' id='word_1_216' title='bbox 724 3068 863 3132; x_wconf 82' lang='lat' dir='ltr'><em>inientes</em></span> <span class='ocrx_word' id='word_1_217' title='bbox 876 3067 969 3145; x_wconf 84' lang='lat' dir='ltr'><em>duos,</em></span> 
     </span>
     <span class='ocr_line' id='line_1_29' title="bbox 223 3170 969 3259; baseline -0.007 -22"><span class='ocrx_word' id='word_1_218' title='bbox 223 3195 306 3259; x_wconf 88' lang='lat' dir='ltr'><em>qnos</em></span> <span class='ocrx_word' id='word_1_219' title='bbox 325 3171 502 3236; x_wconf 72' lang='lat' dir='ltr'><em>Messalina</em></span> <span class='ocrx_word' id='word_1_220' title='bbox 531 3191 628 3234; x_wconf 84' lang='lat' dir='ltr'><em>manu</em></span> <span class='ocrx_word' id='word_1_221' title='bbox 656 3170 690 3230; x_wconf 90' lang='lat' dir='ltr'><em>in</em></span> <span class='ocrx_word' id='word_1_222' title='bbox 719 3171 969 3234; x_wconf 74' lang='lat' dir='ltr'><em>ostentationem</em></span> 
     </span>
     <span class='ocr_line' id='line_1_30' title="bbox 223 3269 968 3361; baseline -0.008 -22"><span class='ocrx_word' id='word_1_223' title='bbox 223 3275 384 3361; x_wconf 77' lang='lat' dir='ltr'><em>porrigit,</em></span> <span class='ocrx_word' id='word_1_224' title='bbox 412 3269 564 3355; x_wconf 78' lang='lat' dir='ltr'><em>plerique</em></span> <span class='ocrx_word' id='word_1_225' title='bbox 586 3283 729 3333; x_wconf 81' lang='lat' dir='ltr'><em>statuunt</em></span> <span class='ocrx_word' id='word_1_226' title='bbox 751 3271 821 3355; x_wconf 88' lang='lat' dir='ltr'><em>ojus</em></span> <span class='ocrx_word' id='word_1_227' title='bbox 844 3270 968 3333; x_wconf 84' lang='lat' dir='ltr'><em>liberos</em></span> 
     </span>
     <span class='ocr_line' id='line_1_31' title="bbox 179 3369 966 3454; baseline -0.008 -14"><span class='ocrx_word' id='word_1_228' title='bbox 179 3376 443 3441; x_wconf 67' lang='lat' dir='ltr'><em>⁴‚Britannicum</em></span> <span class='ocrx_word' id='word_1_229' title='bbox 481 3384 558 3434; x_wconf 84' lang='lat' dir='ltr'><em>natu</em></span> <span class='ocrx_word' id='word_1_230' title='bbox 589 3372 763 3454; x_wconf 83' lang='lat' dir='ltr'><em>majorem,</em></span> <span class='ocrx_word' id='word_1_231' title='bbox 804 3383 838 3433; x_wconf 93' lang='lat' dir='ltr'><em>et</em></span> <span class='ocrx_word' id='word_1_232' title='bbox 868 3369 966 3434; x_wconf 81' lang='lat' dir='ltr'><em>Octa·</em></span> 
     </span>
     <span class='ocr_line' id='line_1_32' title="bbox 221 3472 970 3556; baseline -0.009 -13"><span class='ocrx_word' id='word_1_233' title='bbox 221 3479 316 3543; x_wconf 81' lang='grc' dir='ltr'><strong>ιὶιιιι.</strong></span> <span class='ocrx_word' id='word_1_234' title='bbox 360 3473 428 3539; x_wconf 75' lang='lat' dir='ltr'><em>sed</em></span> <span class='ocrx_word' id='word_1_235' title='bbox 456 3472 533 3537; x_wconf 87' lang='lat' dir='ltr'><em>huic</em></span> <span class='ocrx_word' id='word_1_236' title='bbox 562 3473 744 3537; x_wconf 87' lang='lat' dir='ltr'><em>sententian</em></span> <span class='ocrx_word' id='word_1_237' title='bbox 774 3472 970 3556; x_wconf 77' lang='lat' dir='ltr'><em>repugnabit</em></span> 
     </span>
     <span class='ocr_line' id='line_1_33' title="bbox 221 3573 971 3659; baseline -0.008 -15"><span class='ocrx_word' id='word_1_238' title='bbox 221 3598 338 3644; x_wconf 88' lang='lat' dir='ltr'><em>numus</em></span> <span class='ocrx_word' id='word_1_239' title='bbox 365 3575 541 3659; x_wconf 86' lang='lat' dir='ltr'><em>inscriptus</em></span> <span class='ocrx_word' id='word_1_240' title='bbox 570 3576 609 3640; x_wconf 86' lang='lat'><em>1..</em></span> <span class='ocrx_word' id='word_1_241' title='bbox 629 3575 698 3649; x_wconf 82' lang='grc' dir='ltr'><em>Δ..</em></span> <span class='ocrx_word' id='word_1_242' title='bbox 738 3594 836 3658; x_wconf 88' lang='lat' dir='ltr'><em>quem</em></span> <span class='ocrx_word' id='word_1_243' title='bbox 867 3573 971 3638; x_wconf 84' lang='lat' dir='ltr'><em>edidit</em></span> 
     </span>
     <span class='ocr_line' id='line_1_34' title="bbox 222 3676 969 3765; baseline -0.008 -21"><span class='ocrx_word' id='word_1_244' title='bbox 222 3686 373 3765; x_wconf 81' lang='lat' dir='ltr'><em>Begerus</em></span> <span class='ocrx_word' id='word_1_245' title='bbox 388 3681 430 3760; x_wconf 72' lang='grc' dir='ltr'><em>ο).</em></span> <span class='ocrx_word' id='word_1_246' title='bbox 476 3676 603 3739; x_wconf 88' lang='lat' dir='ltr'><em>Claudii</em></span> <span class='ocrx_word' id='word_1_247' title='bbox 624 3696 725 3739; x_wconf 84' lang='lat' dir='ltr'><em>annus</em></span> <span class='ocrx_word' id='word_1_248' title='bbox 743 3676 769 3739; x_wconf 93' lang='lat' dir='ltr'><em>l.</em></span> <span class='ocrx_word' id='word_1_249' title='bbox 790 3676 969 3740; x_wconf 83' lang='lat' dir='ltr'><em>secundum</em></span> 
     </span>
     <span class='ocr_line' id='line_1_35' title="bbox 225 3776 968 3846; baseline -0.007 0"><span class='ocrx_word' id='word_1_250' title='bbox 225 3779 523 3846; x_wconf 78' lang='lat' dir='ltr'><em>Alexandrinorum</em></span> <span class='ocrx_word' id='word_1_251' title='bbox 567 3779 728 3842; x_wconf 88' lang='lat' dir='ltr'><em>calculum</em></span> <span class='ocrx_word' id='word_1_252' title='bbox 771 3777 872 3843; x_wconf 80' lang='lat' dir='ltr'><em>exirit</em></span> <span class='ocrx_word' id='word_1_253' title='bbox 913 3776 968 3841; x_wconf 79' lang='lat' dir='ltr'><em>die</em></span> 
     </span>
     <span class='ocr_line' id='line_1_36' title="bbox 223 3879 970 3965; baseline -0.011 -18"><span class='ocrx_word' id='word_1_254' title='bbox 223 3884 337 3949; x_wconf 75' lang='lat' dir='ltr'><em>XXlX.</em></span> <span class='ocrx_word' id='word_1_255' title='bbox 356 3882 493 3965; x_wconf 77' lang='lat' dir='ltr'><em>Augusti</em></span> <span class='ocrx_word' id='word_1_256' title='bbox 515 3882 554 3945; x_wconf 83' lang='lat' dir='ltr'><em>V.</em></span> <span class='ocrx_word' id='word_1_257' title='bbox 575 3880 611 3942; x_wconf 69' lang='lat' dir='ltr'><em>(L</em></span> <span class='ocrx_word' id='word_1_258' title='bbox 631 3888 713 3959; x_wconf 73' lang='lat'><em>794,</em></span> <span class='ocrx_word' id='word_1_259' title='bbox 746 3899 810 3965; x_wconf 92' lang='lat' dir='ltr'><em>quo</em></span> <span class='ocrx_word' id='word_1_260' title='bbox 830 3879 901 3960; x_wconf 91' lang='lat' dir='ltr'><em>ipso</em></span> <span class='ocrx_word' id='word_1_261' title='bbox 916 3898 970 3940; x_wconf 85' lang='lat' dir='ltr'><em>sn·</em></span> 
     </span>
     <span class='ocr_line' id='line_1_37' title="bbox 222 3980 968 4050; baseline -0.009 0"><span class='ocrx_word' id='word_1_262' title='bbox 222 4007 266 4050; x_wconf 91' lang='lat' dir='ltr'><em>no</em></span> <span class='ocrx_word' id='word_1_263' title='bbox 288 3983 468 4050; x_wconf 86' lang='lat' dir='ltr'><em>secundum</em></span> <span class='ocrx_word' id='word_1_264' title='bbox 490 3980 753 4046; x_wconf 81' lang='lat' dir='ltr'><em>verisimiliorem</em></span> <span class='ocrx_word' id='word_1_265' title='bbox 774 3980 968 4044; x_wconf 86' lang='lat' dir='ltr'><em>senteutiam</em></span> 
     </span>
     <span class='ocr_line' id='line_1_38' title="bbox 222 4080 967 4158; baseline -0.008 -6"><span class='ocrx_word' id='word_1_266' title='bbox 222 4103 314 4152; x_wconf 82' lang='lat' dir='ltr'><em>natus</em></span> <span class='ocrx_word' id='word_1_267' title='bbox 335 4098 386 4151; x_wconf 87' lang='lat' dir='ltr'><em>est</em></span> <span class='ocrx_word' id='word_1_268' title='bbox 406 4084 612 4149; x_wconf 84' lang='lat' dir='ltr'><em>Britannicus</em></span> <span class='ocrx_word' id='word_1_269' title='bbox 638 4101 750 4145; x_wconf 89' lang='lat' dir='ltr'><em>menso</em></span> <span class='ocrx_word' id='word_1_270' title='bbox 775 4080 967 4158; x_wconf 80' lang='lat' dir='ltr'><em>Februario,</em></span> 
     </span>
     <span class='ocr_line' id='line_1_39' title="bbox 221 4183 967 4270; baseline -0.008 -18"><span class='ocrx_word' id='word_1_271' title='bbox 221 4205 256 4253; x_wconf 85' lang='lat' dir='ltr'><em>nt</em></span> <span class='ocrx_word' id='word_1_272' title='bbox 285 4189 370 4252; x_wconf 81' lang='lat' dir='ltr'><em>infra</em></span> <span class='ocrx_word' id='word_1_273' title='bbox 400 4187 434 4250; x_wconf 93' lang='lat' dir='ltr'><em>in</em></span> <span class='ocrx_word' id='word_1_274' title='bbox 461 4186 556 4270; x_wconf 86' lang='lat' dir='ltr'><em>hujus</em></span> <span class='ocrx_word' id='word_1_275' title='bbox 592 4183 658 4249; x_wconf 83' lang='lat' dir='ltr'><em>vita</em></span> <span class='ocrx_word' id='word_1_276' title='bbox 686 4183 824 4247; x_wconf 77' lang='lat' dir='ltr'><em>(luccio.</em></span> <span class='ocrx_word' id='word_1_277' title='bbox 874 4184 967 4267; x_wconf 74' lang='lat' dir='ltr'><em>Ergo</em></span> 
     </span>
     <span class='ocr_line' id='line_1_40' title="bbox 223 4282 966 4359; baseline -0.015 -3"><span class='ocrx_word' id='word_1_278' title='bbox 223 4313 296 4356; x_wconf 87' lang='lat' dir='ltr'><em>cnm</em></span> <span class='ocrx_word' id='word_1_279' title='bbox 327 4303 400 4352; x_wconf 79' lang='lat' dir='ltr'><em>nate</em></span> <span class='ocrx_word' id='word_1_280' title='bbox 426 4301 496 4353; x_wconf 89' lang='lat' dir='ltr'><em>tum</em></span> <span class='ocrx_word' id='word_1_281' title='bbox 523 4283 668 4350; x_wconf 83' lang='lat' dir='ltr'><em>nondum</em></span> <span class='ocrx_word' id='word_1_282' title='bbox 697 4282 798 4348; x_wconf 83' lang='lat' dir='ltr'><em>luerit</em></span> <span class='ocrx_word' id='word_1_283' title='bbox 820 4282 966 4359; x_wconf 70' lang='lat' dir='ltr'><em>Oetaeis,</em></span> 
     </span>
     <span class='ocr_line' id='line_1_41' title="bbox 221 4385 965 4479; baseline -0.012 -22"><span class='ocrx_word' id='word_1_284' title='bbox 221 4413 329 4479; x_wconf 88' lang='lat' dir='ltr'><em>neque</em></span> <span class='ocrx_word' id='word_1_285' title='bbox 358 4391 465 4475; x_wconf 88' lang='lat' dir='ltr'><em>potuit</em></span> <span class='ocrx_word' id='word_1_286' title='bbox 494 4389 563 4454; x_wconf 88' lang='lat' dir='ltr'><em>sisti</em></span> <span class='ocrx_word' id='word_1_287' title='bbox 593 4389 627 4451; x_wconf 91' lang='lat' dir='ltr'><em>in</em></span> <span class='ocrx_word' id='word_1_288' title='bbox 653 4407 763 4453; x_wconf 87' lang='lat' dir='ltr'><em>numo.</em></span> <span class='ocrx_word' id='word_1_289' title='bbox 808 4385 906 4479; x_wconf 80' lang='lat' dir='ltr'><em>Quod</em></span> <span class='ocrx_word' id='word_1_290' title='bbox 928 4388 965 4465; x_wconf 87' lang='lat' dir='ltr'><em>si,</em></span> 
     </span>
     <span class='ocr_line' id='line_1_42' title="bbox 222 4489 967 4577; baseline -0.008 -19"><span class='ocrx_word' id='word_1_291' title='bbox 222 4509 259 4559; x_wconf 94' lang='lat' dir='ltr'><em>ut</em></span> <span class='ocrx_word' id='word_1_292' title='bbox 287 4494 470 4559; x_wconf 85' lang='lat' dir='ltr'><em>existimant</em></span> <span class='ocrx_word' id='word_1_293' title='bbox 501 4489 616 4577; x_wconf 84' lang='lat' dir='ltr'><em>aliqui,</em></span> <span class='ocrx_word' id='word_1_294' title='bbox 647 4489 852 4556; x_wconf 81' lang='lat' dir='ltr'><em>Britannicus</em></span> <span class='ocrx_word' id='word_1_295' title='bbox 875 4503 967 4553; x_wconf 83' lang='lat' dir='ltr'><em>natus</em></span> 
     </span>
    </p>
   </div>
   <div class='ocr_carea' id='block_1_8' title="bbox 1030 2253 1784 2441">
    <p class='ocr_par' dir='ltr' id='par_1_9' title="bbox 1030 2253 1784 2441">
     <span class='ocr_line' id='line_1_43' title="bbox 1031 2253 1784 2341; baseline 0.008 -28"><span class='ocrx_word' id='word_1_296' title='bbox 1031 2253 1237 2336; x_wconf 81' lang='lat' dir='ltr'><em>Epigraplte,</em></span> <span class='ocrx_word' id='word_1_297' title='bbox 1255 2272 1289 2320; x_wconf 87' lang='lat' dir='ltr'><em>et</em></span> <span class='ocrx_word' id='word_1_298' title='bbox 1303 2272 1406 2341; x_wconf 84' lang='lat' dir='ltr'><em>caput</em></span> <span class='ocrx_word' id='word_1_299' title='bbox 1423 2260 1571 2326; x_wconf 78' lang='lat' dir='ltr'><em>Claudii.</em></span> <span class='ocrx_word' id='word_1_300' title='bbox 1593 2258 1719 2325; x_wconf 60' lang='lat' dir='ltr'><em>Aeta</em></span> <span class='ocrx_word' id='word_1_301' title='bbox 1735 2260 1784 2321; x_wconf 80' lang='lat' dir='ltr'><em>sei</em></span> 
     </span>
     <span class='ocr_line' id='line_1_44' title="bbox 1030 2356 1398 2441; baseline 0.016 -26"><span class='ocrx_word' id='word_1_302' title='bbox 1030 2356 1085 2420; x_wconf 89' lang='lat'><em>111.</em></span> <span class='ocrx_word' id='word_1_303' title='bbox 1102 2357 1217 2436; x_wconf 81' lang='lat' dir='ltr'><em>(Vsill.</em></span> <span class='ocrx_word' id='word_1_304' title='bbox 1237 2358 1398 2441; x_wconf 79' lang='lat' dir='ltr'><em>llorslli)</em></span> 
     </span>
    </p>
   </div>
   <div class='ocr_carea' id='block_1_9' title="bbox 1029 2457 1777 2625">
    <p class='ocr_par' dir='ltr' id='par_1_10' title="bbox 1029 2457 1777 2625">
     <span class='ocr_line' id='line_1_45' title="bbox 1094 2457 1777 2562; baseline 0.015 -44"><span class='ocrx_word' id='word_1_305' title='bbox 1094 2457 1177 2521; x_wconf 89' lang='lat' dir='ltr'><em>Sunt</em></span> <span class='ocrx_word' id='word_1_306' title='bbox 1192 2457 1228 2521; x_wconf 78' lang='lat' dir='ltr'><em>lai</em></span> <span class='ocrx_word' id='word_1_307' title='bbox 1242 2459 1332 2523; x_wconf 88' lang='lat' dir='ltr'><em>numi</em></span> <span class='ocrx_word' id='word_1_308' title='bbox 1351 2459 1480 2524; x_wconf 79' lang='lat' dir='ltr'><em>arbium</em></span> <span class='ocrx_word' id='word_1_309' title='bbox 1497 2460 1662 2531; x_wconf 82' lang='lat' dir='ltr'><em>Graecias</em></span> <span class='ocrx_word' id='word_1_310' title='bbox 1676 2466 1777 2562; x_wconf 70' lang='lat' dir='ltr'><em>incer</em></span> 
     </span>
     <span class='ocr_line' id='line_1_46' title="bbox 1029 2570 1144 2625; baseline 0.035 -5"><span class='ocrx_word' id='word_1_311' title='bbox 1029 2570 1144 2625; x_wconf 69' lang='lat' dir='ltr'><em>larum.</em></span> 
     </span>
    </p>
   </div>
   <div class='ocr_carea' id='block_1_10' title="bbox 1127 2648 1776 2731">
    <p class='ocr_par' dir='ltr' id='par_1_11' title="bbox 1127 2648 1776 2731">
     <span class='ocr_line' id='line_1_47' title="bbox 1127 2648 1776 2731; baseline 0.014 -9"><span class='ocrx_word' id='word_1_312' title='bbox 1127 2648 1470 2730; x_wconf 80' lang='grc' dir='ltr'><strong>ΜΕΣΣΑΛΕΙΝΑ.</strong></span> <span class='ocrx_word' id='word_1_313' title='bbox 1538 2661 1776 2731; x_wconf 78' lang='grc' dir='ltr'><strong>ΣΕΒΑΣΤΗ.</strong></span> 
     </span>
    </p>
   </div>
   <div class='ocr_carea' id='block_1_11' title="bbox 1124 2757 1778 2950">
    <p class='ocr_par' dir='ltr' id='par_1_12' title="bbox 1124 2757 1778 2950">
     <span class='ocr_line' id='line_1_48' title="bbox 1127 2757 1778 2851; baseline 0.012 -28"><span class='ocrx_word' id='word_1_314' title='bbox 1127 2757 1238 2826; x_wconf 76' lang='lat' dir='ltr'><strong>NEA:</strong></span> <span class='ocrx_word' id='word_1_315' title='bbox 1256 2760 1363 2829; x_wconf 67' lang='lat' dir='ltr'><em>Han.</em></span> <span class='ocrx_word' id='word_1_316' title='bbox 1391 2766 1501 2845; x_wconf 79' lang='lat' dir='ltr'><em>Hujus</em></span> <span class='ocrx_word' id='word_1_317' title='bbox 1518 2782 1639 2851; x_wconf 83' lang='lat' dir='ltr'><em>eaput,</em></span> <span class='ocrx_word' id='word_1_318' title='bbox 1667 2772 1714 2833; x_wconf 83' lang='lat' dir='ltr'><em>ud</em></span> <span class='ocrx_word' id='word_1_319' title='bbox 1729 2791 1778 2831; x_wconf 88' lang='lat' dir='ltr'><em>cu·</em></span> 
     </span>
     <span class='ocr_line' id='line_1_49' title="bbox 1124 2865 1553 2950; baseline 0.021 -27"><span class='ocrx_word' id='word_1_320' title='bbox 1124 2865 1179 2940; x_wconf 78' lang='lat' dir='ltr'><em>jus</em></span> <span class='ocrx_word' id='word_1_321' title='bbox 1190 2877 1310 2945; x_wconf 80' lang='lat' dir='ltr'><em>pectus</em></span> <span class='ocrx_word' id='word_1_322' title='bbox 1325 2868 1411 2929; x_wconf 81' lang='lat' dir='ltr'><em>duae</em></span> <span class='ocrx_word' id='word_1_323' title='bbox 1428 2872 1553 2950; x_wconf 77' lang='lat' dir='ltr'><em>spicue.</em></span> 
     </span>
    </p>
   </div>
   <div class='ocr_carea' id='block_1_12' title="bbox 1027 2956 1775 4065">
    <p class='ocr_par' dir='ltr' id='par_1_13' title="bbox 1027 2956 1775 3351">
     <span class='ocr_line' id='line_1_50' title="bbox 1028 2956 1775 3033; baseline 0.009 -9"><span class='ocrx_word' id='word_1_324' title='bbox 1028 2960 1069 3028; x_wconf 86' lang='grc' dir='ltr'><em>Γ.</em></span> <span class='ocrx_word' id='word_1_325' title='bbox 1092 2956 1280 3026; x_wconf 81' lang='grc' dir='ltr'><strong>ΚΑΔῙΟΣ.</strong></span> <span class='ocrx_word' id='word_1_326' title='bbox 1315 2960 1522 3031; x_wconf 59' lang='lat' dir='ltr'><em>tornoz.</em></span> <span class='ocrx_word' id='word_1_327' title='bbox 1558 2963 1775 3033; x_wconf 64' lang='lat' dir='ltr'><em>ANO‘PHA·</em></span> 
     </span>
     <span class='ocr_line' id='line_1_51' title="bbox 1029 3058 1771 3135; baseline 0.007 -12"><span class='ocrx_word' id='word_1_328' title='bbox 1029 3058 1135 3129; x_wconf 86' lang='grc' dir='ltr'><strong>ΤΟΣ.</strong></span> <span class='ocrx_word' id='word_1_329' title='bbox 1168 3060 1436 3129; x_wconf 83' lang='grc' dir='ltr'><strong>ΝΕῙΚΑΕΩΝ.</strong></span> <span class='ocrx_word' id='word_1_330' title='bbox 1468 3070 1624 3135; x_wconf 78' lang='lat' dir='ltr'><em>Porticus</em></span> <span class='ocrx_word' id='word_1_331' title='bbox 1660 3071 1729 3131; x_wconf 79' lang='grc' dir='ltr'><em>ΔΕ.</em></span> <span class='ocrx_word' id='word_1_332' title='bbox 1751 3072 1771 3129; x_wconf 93' lang='lat' dir='ltr'><em>l.</em></span> 
     </span>
     <span class='ocr_line' id='line_1_52' title="bbox 1028 3165 1774 3243; baseline -0.003 -11"><span class='ocrx_word' id='word_1_333' title='bbox 1028 3165 1211 3243; x_wconf 71' lang='lat' dir='ltr'><em>(vertunt,-</em></span> <span class='ocrx_word' id='word_1_334' title='bbox 1237 3168 1418 3232; x_wconf 82' lang='lat' dir='ltr'><em>correctius</em></span> <span class='ocrx_word' id='word_1_335' title='bbox 1444 3170 1595 3235; x_wconf 83' lang='lat' dir='ltr'><em>Peilerin</em></span> <span class='ocrx_word' id='word_1_336' title='bbox 1619 3172 1703 3235; x_wconf 83' lang='lat' dir='ltr'><em>Rec.</em></span> <span class='ocrx_word' id='word_1_337' title='bbox 1725 3174 1774 3233; x_wconf 84' lang='lat' dir='ltr'><em>lli.</em></span> 
     </span>
     <span class='ocr_line' id='line_1_53' title="bbox 1027 3270 1165 3351; baseline -0.014 0"><span class='ocrx_word' id='word_1_338' title='bbox 1027 3270 1165 3351; x_wconf 58' lang='lat' dir='ltr'><em>enm</em></span> 
     </span>
    </p>

    <p class='ocr_par' dir='ltr' id='par_1_14' title="bbox 1027 3368 1772 4065">
     <span class='ocr_line' id='line_1_54' title="bbox 1091 3368 1771 3455; baseline 0.009 -25"><span class='ocrx_word' id='word_1_339' title='bbox 1091 3368 1175 3433; x_wconf 81' lang='lat' dir='ltr'><em>Esse</em></span> <span class='ocrx_word' id='word_1_340' title='bbox 1196 3370 1285 3434; x_wconf 87' lang='lat' dir='ltr'><em>hunc</em></span> <span class='ocrx_word' id='word_1_341' title='bbox 1306 3392 1439 3434; x_wconf 87' lang='lat' dir='ltr'><em>numum</em></span> <span class='ocrx_word' id='word_1_342' title='bbox 1455 3370 1553 3455; x_wconf 81' lang='lat' dir='ltr'><em>hujus</em></span> <span class='ocrx_word' id='word_1_343' title='bbox 1572 3371 1771 3447; x_wconf 71' lang='lat' dir='ltr'><em>nauatam.</em></span> 
     </span>
     <span class='ocr_line' id='line_1_55' title="bbox 1029 3472 1770 3560; baseline 0.011 -29"><span class='ocrx_word' id='word_1_344' title='bbox 1029 3485 1223 3555; x_wconf 79' lang='lat' dir='ltr'><em>argumento</em></span> <span class='ocrx_word' id='word_1_345' title='bbox 1243 3485 1313 3551; x_wconf 90' lang='lat' dir='ltr'><em>est,</em></span> <span class='ocrx_word' id='word_1_346' title='bbox 1329 3472 1418 3560; x_wconf 80' lang='lat' dir='ltr'><em>quod</em></span> <span class='ocrx_word' id='word_1_347' title='bbox 1438 3474 1642 3539; x_wconf 82' lang='lat' dir='ltr'><em>Pellcrinins</em></span> <span class='ocrx_word' id='word_1_348' title='bbox 1661 3474 1770 3539; x_wconf 71' lang='lat' dir='ltr'><em>eodem</em></span> 
     </span>
     <span class='ocr_line' id='line_1_56' title="bbox 1028 3571 1772 3661; baseline 0.007 -29"><span class='ocrx_word' id='word_1_349' title='bbox 1028 3571 1104 3636; x_wconf 86' lang='lat' dir='ltr'><em>loeo</em></span> <span class='ocrx_word' id='word_1_350' title='bbox 1132 3573 1248 3649; x_wconf 84' lang='lat' dir='ltr'><em>alium,</em></span> <span class='ocrx_word' id='word_1_351' title='bbox 1279 3574 1352 3639; x_wconf 85' lang='lat' dir='ltr'><em>solo</em></span> <span class='ocrx_word' id='word_1_352' title='bbox 1374 3575 1501 3640; x_wconf 79' lang='lat' dir='ltr'><em>Claudii</em></span> <span class='ocrx_word' id='word_1_353' title='bbox 1530 3576 1640 3661; x_wconf 83' lang='lat' dir='ltr'><em>capite</em></span> <span class='ocrx_word' id='word_1_354' title='bbox 1672 3574 1772 3642; x_wconf 74' lang='lat' dir='ltr'><em>aliter·</em></span> 
     </span>
     <span class='ocr_line' id='line_1_57' title="bbox 1029 3673 1771 3763; baseline 0.011 -27"><span class='ocrx_word' id='word_1_355' title='bbox 1029 3696 1100 3738; x_wconf 88' lang='lat' dir='ltr'><em>snm</em></span> <span class='ocrx_word' id='word_1_356' title='bbox 1119 3673 1283 3760; x_wconf 80' lang='lat' dir='ltr'><em>proponit.</em></span> <span class='ocrx_word' id='word_1_357' title='bbox 1311 3678 1364 3739; x_wconf 90' lang='lat' dir='ltr'><em>De</em></span> <span class='ocrx_word' id='word_1_358' title='bbox 1383 3677 1576 3763; x_wconf 72' lang='lat' dir='ltr'><em>magistratu</em></span> <span class='ocrx_word' id='word_1_359' title='bbox 1590 3678 1696 3743; x_wconf 76' lang='lat' dir='ltr'><em>Cadio</em></span> <span class='ocrx_word' id='word_1_360' title='bbox 1711 3678 1771 3763; x_wconf 67' lang='lat' dir='ltr'><em>egi·</em></span> 
     </span>
     <span class='ocr_line' id='line_1_58' title="bbox 1028 3777 1770 3845; baseline 0.008 -8"><span class='ocrx_word' id='word_1_361' title='bbox 1028 3798 1100 3839; x_wconf 89' lang='lat' dir='ltr'><em>mus</em></span> <span class='ocrx_word' id='word_1_362' title='bbox 1133 3778 1168 3838; x_wconf 90' lang='lat' dir='ltr'><em>in</em></span> <span class='ocrx_word' id='word_1_363' title='bbox 1198 3777 1304 3840; x_wconf 78' lang='lat' dir='ltr'><em>numia</em></span> <span class='ocrx_word' id='word_1_364' title='bbox 1334 3778 1486 3845; x_wconf 81' lang='lat' dir='ltr'><em>Nicaeae.</em></span> <span class='ocrx_word' id='word_1_365' title='bbox 1511 3780 1648 3845; x_wconf 82' lang='lat' dir='ltr'><em>&#39;l&#39;stulus</em></span> <span class='ocrx_word' id='word_1_366' title='bbox 1668 3778 1770 3845; x_wconf 76' lang='lat' dir='ltr'><strong>NEA.</strong></span> 
     </span>
     <span class='ocr_line' id='line_1_59' title="bbox 1027 3874 1771 3954; baseline 0.009 -17"><span class='ocrx_word' id='word_1_367' title='bbox 1027 3874 1139 3954; x_wconf 77' lang='lat' dir='ltr'><em>HPA,</em></span> <span class='ocrx_word' id='word_1_368' title='bbox 1166 3901 1252 3942; x_wconf 84' lang='lat' dir='ltr'><em>naua</em></span> <span class='ocrx_word' id='word_1_369' title='bbox 1275 3881 1376 3953; x_wconf 88' lang='lat' dir='ltr'><em>Iano,</em></span> <span class='ocrx_word' id='word_1_370' title='bbox 1405 3900 1471 3945; x_wconf 89' lang='lat' dir='ltr'><em>non</em></span> <span class='ocrx_word' id='word_1_371' title='bbox 1485 3900 1611 3946; x_wconf 76' lang='lat' dir='ltr'><em>nomm</em></span> <span class='ocrx_word' id='word_1_372' title='bbox 1630 3895 1683 3947; x_wconf 84' lang='lat' dir='ltr'><em>est</em></span> <span class='ocrx_word' id='word_1_373' title='bbox 1702 3880 1771 3950; x_wconf 81' lang='lat' dir='ltr'><em>aln-</em></span> 
     </span>
     <span class='ocr_line' id='line_1_60' title="bbox 1027 3979 1410 4065; baseline 0.005 -25"><span class='ocrx_word' id='word_1_374' title='bbox 1027 3979 1156 4044; x_wconf 87' lang='lat' dir='ltr'><em>lationis</em></span> <span class='ocrx_word' id='word_1_375' title='bbox 1174 3995 1410 4065; x_wconf 80' lang='lat' dir='ltr'><em>argumentum.</em></span> 
     </span>
    </p>
   </div>
   <div class='ocr_carea' id='block_1_13' title="bbox 1280 4149 1511 4236">
    <p class='ocr_par' dir='ltr' id='par_1_15' title="bbox 1280 4149 1511 4236">
     <span class='ocr_line' id='line_1_61' title="bbox 1280 4149 1511 4236; baseline 0.017 -4"><span class='ocrx_word' id='word_1_376' title='bbox 1280 4149 1511 4236; x_wconf 62' lang='lat' dir='ltr'><em>s*&#39;s</em></span> 
     </span>
    </p>
   </div>
   <div class='ocr_carea' id='block_1_14' title="bbox 1163 4280 1770 4469">
    <p class='ocr_par' dir='ltr' id='par_1_16' title="bbox 1163 4280 1770 4469">
     <span class='ocr_line' id='line_1_62' title="bbox 1169 4280 1767 4357; baseline 0.003 -6"><span class='ocrx_word' id='word_1_377' title='bbox 1169 4280 1373 4353; x_wconf 74' lang='lat' dir='ltr'><em>vasensi.</em></span> <span class='ocrx_word' id='word_1_378' title='bbox 1388 4284 1655 4355; x_wconf 70' lang='lat' dir='ltr'><strong>MESSAHNA.</strong></span> <span class='ocrx_word' id='word_1_379' title='bbox 1668 4286 1767 4357; x_wconf 69' lang='grc' dir='ltr'><em>ΗΒ.</em></span> 
     </span>
     <span class='ocr_line' id='line_1_63' title="bbox 1163 4387 1770 4469; baseline 0.01 -20"><span class='ocrx_word' id='word_1_380' title='bbox 1163 4387 1479 4455; x_wconf 70' lang='lat' dir='ltr'><em>cranemere.</em></span> <span class='ocrx_word' id='word_1_381' title='bbox 1515 4390 1637 4463; x_wconf 77' lang='lat' dir='ltr'><em>uvm.</em></span> <span class='ocrx_word' id='word_1_382' title='bbox 1667 4390 1770 4469; x_wconf 81' lang='lat' dir='ltr'><em>Hujus</em></span> 
     </span>
    </p>
   </div>
   <div class='ocr_carea' id='block_1_15' title="bbox 1166 4502 1276 4569">
    <p class='ocr_par' dir='ltr' id='par_1_17' title="bbox 1166 4502 1276 4569">
     <span class='ocr_line' id='line_1_64' title="bbox 1166 4502 1276 4569; baseline 0.027 -20"><span class='ocrx_word' id='word_1_383' title='bbox 1166 4502 1276 4569; x_wconf 82' lang='lat' dir='ltr'><em>caput.</em></span> 
     </span>
    </p>
   </div>
   <div class='ocr_carea' id='block_1_16' title="bbox 261 4678 1432 4787">
    <p class='ocr_par' dir='ltr' id='par_1_18' title="bbox 261 4678 1432 4787">
     <span class='ocr_line' id='line_1_65' title="bbox 261 4678 1432 4787; baseline 0.002 -35"><span class='ocrx_word' id='word_1_384' title='bbox 261 4697 510 4770; x_wconf 62' lang='lat' dir='ltr'><em>nausa</em></span> <span class='ocrx_word' id='word_1_385' title='bbox 584 4696 793 4771; x_wconf 49' lang='lat' dir='ltr'><em>musa</em></span> <span class='ocrx_word' id='word_1_386' title='bbox 869 4694 1286 4773; x_wconf 49' lang='lat' dir='ltr'><em>numerumn</em></span> <span class='ocrx_word' id='word_1_387' title='bbox 1420 4678 1432 4787; x_wconf 46' lang='grc' dir='ltr'>ζ</span> 
     </span>
    </p>
   </div>
   <div class='ocr_carea' id='block_1_17' title="bbox 0 0 2010 5370">
    <p class='ocr_par' dir='ltr' id='par_1_19' title="bbox 0 0 2010 5370">
     <span class='ocr_line' id='line_1_66' title="bbox 0 0 2010 5370; baseline 0 2"><span class='ocrx_word' id='word_1_388' title='bbox 0 0 2010 5370; x_wconf 95' lang='lat' dir='ltr'><em> </em></span> 
     </span>
    </p>
   </div>
  </div>
 </body>
</html>
