3998 5340
755 475 960 551 tvutvs
997 474 1246 553 CAESAR.
1630 503 1634 515 ·
1730 495 1776 563 1³

288 645 402 730 Neque
420 643 473 710 hie
491 647 624 711 aversae
643 657 737 727 typus
756 645 911 710 haetenus
935 644 970 706 in
1025 643 1078 706 nis
1096 643 1175 707 editi
1190 660 1279 722 sunt,
1298 661 1331 710 et
1347 659 1482 731 propter
1499 647 1583 711 hane
1599 647 1700 731 ipsam
1720 661 1776 711 eo·
1899 703 1901 709 ,

225 746 299 808 iulii
324 748 430 809 numis
462 762 670 829 compertus,
703 748 766 808 etsi
792 747 971 817 obviussit
1027 768 1101 808 rum
1123 748 1348 811 auctoritatem
1366 749 1537 833 imponere
1553 753 1658 813 mitius
1678 770 1776 812 esee

224 848 376 911 inunmis
405 848 550 924 Claudii,
572 847 660 909 unde
684 847 754 930 ejus
784 848 972 931 explicatio·
1029 847 1133 911 citatis
1152 863 1297 929 possunt.
1320 851 1401 912 llam
1421 851 1464 913 ob
1483 866 1700 915 cunsam‘nou
1720 852 1774 917 liic

224 969 300 1012 nem
325 963 411 1033 pete.
444 950 552 1011 Etiam
583 947 689 1010 antica
717 947 794 1031 quid
819 948 919 1011 offert
951 970 969 1010 a
1027 949 1212 1012 recensebo
1230 970 1345 1012 numos
1363 950 1457 1027 illos,
1482 971 1621 1036 quorum
1637 955 1776 1036 ignomi-

223 1052 329 1112 nuens
357 1051 506 1112 Caesaris
533 1049 665 1112 omniuo
692 1050 850 1125 alienum,
878 1049 971 1112 nimi·
1027 1051 1139 1111 niesus
1161 1065 1272 1134 partus
1297 1065 1409 1134 suapte
1431 1051 1465 1113 in
1487 1052 1601 1115 oeulos
1623 1052 1777 1129 incurrit,

223 1177 298 1215 rum
323 1151 471 1215 diadema
498 1164 570 1233 post
594 1150 664 1232 ejus
690 1165 786 1235 eaput
808 1150 970 1227 delluum,
1028 1164 1063 1214 ut
1082 1164 1133 1213 est
1152 1153 1329 1214 notnsille
1352 1153 1498 1216 Caesaris
1518 1153 1637 1215 uostris
1662 1153 1775 1218 veut.

223 1253 424 1339 quo'lulium
441 1272 603 1335 nunquam
623 1273 718 1315 usum
739 1251 824 1316 inira
843 1251 877 1314 in
898 1254 970 1337 ejus
1025 1253 1129 1318 VIDI.
1146 1254 1251 1330 VlCl‚
1283 1268 1337 1316 aut
1353 1275 1423 1328 eos,
1440 1276 1521 1340 quos
1537 1253 1710 1317 Patruinus
1725 1253 1778 1316 di·

226 1357 419 1420 Attributr's
439 1354 653 1420 monebimus.
1026 1355 1146 1430 cimus,
1164 1355 1220 1439 qni
1236 1356 1383 1432 collecti,
1403 1369 1437 1420 et
1450 1357 1522 1419 aeri
1539 1353 1632 1420 incisi
1650 1371 1777 1420 exstant

1025 1456 1060 1518 in
1077 1459 1192 1520 Museo
1208 1456 1423 1535 Genorerae,
1442 1473 1501 1520 sut·
1514 1478 1588 1535 eos,
1607 1457 1698 1541 quis
1718 1456 1776 1519 lul-

345 1555 448 1622 tt'umr·
467 1558 643 1621 commutis
660 1558 839 1640 peregrini.
1026 1558 1119 1620 sariis
1137 1559 1315 1621 seeundum
1330 1560 1507 1624 iconismos
1521 1560 1711 1624 Golteisnos
1728 1559 1775 1622 el·

413 1727 435 1742 ..
1026 1658 1128 1744 ligiati
1148 1674 1233 1723 sunt.
1433 1665 1435 1667 ’

222 1727 444 1808 Iml’mwm·
742 1795 745 1798 ⁴
1186 1762 1291 1826 DlVl.
1312 1761 1414 1827 1th
1443 1763 1547 1843 Caput
1568 1762 1597 1828 1.
1621 1765 1777 1848 Caesaris

285 1861 518 1924 'thessalonica
539 1858 753 1924 Macedoniae
779 1860 849 1942 ejus
871 1873 968 1944 eaput
1190 1865 1330 1939 nudum,
1350 1883 1437 1944 pone
1455 1861 1573 1925 lituus.

219 1962 310 2028 dedit
326 1965 359 2053 ip
378 1964 485 2025 numia
502 1963 587 2046 apud
602 1963 827 2040 Vaillantium,
845 1976 878 2025 et
898 1966 969 2024 Mo·
1026 1964 1063 2031 8;
1080 1963 1116 2027 C.
1147 1965 1270 2031 Caesar
1289 1965 1474 2044 paludatus
1496 1966 1611 2027 sedem
1634 1964 1774 2026 dexteru

218 2066 351 2128 rellium
368 2071 414 2147 ¹),
436 2065 496 2128 sed
520 2079 554 2128 et
578 2066 613 2126 lri
635 2078 709 2149 post
733 2065 804 2147 ejus
826 2077 967 2126 mortem
1024 2069 1131 2148 capiti
1149 2067 1300 2141 admota,
1324 2066 1369 2126 ud
1388 2085 1485 2143 quem
1507 2085 1528 2125 u
1551 2064 1661 2126 milite
1678 2066 1776 2124 dedu·

218 2165 334 2249 signati
359 2180 448 2242 sunt,
475 2180 511 2229 ut
539 2167 637 2229 docet
660 2165 804 2228 additum
828 2162 967 2230 ΘΕΟΣ.
1024 2170 1116 2228 citur
1127 2171 1280 2248 captivus
1296 2167 1448 2227 rnanteus
1458 2182 1546 2226 retro
1559 2164 1688 2246 ligatis.
1703 2163 1775 2229 AV.

217 2271 387 2343 Alterum,
409 2288 507 2352 quem
526 2269 766 2352 Pergamenum
784 2267 866 2328 dixit
880 2267 969 2331 Vail-
1088 2268 1229 2329 Numam
1253 2266 1354 2330 edidit
1377 2268 1528 2348 Begerus
1547 2265 1580 2325 in
1597 2263 1697 2327 Thes.
1716 2266 1774 2325 Ps-

218 2370 355 2444 lautius,
371 2368 426 2430 alii
441 2370 671 2445 Nicaeensem,
686 2371 741 2433 alii
756 2367 972 2431 Nicomeden·
1029 2368 1084 2434 lat.
1100 2389 1172 2454 pag.
1187 2388 1262 2451 eqo,
1282 2368 1451 2452 additque,
1468 2386 1544 2429 eum
1562 2367 1702 2430 eleeturi
1717 2367 1776 2428 Pa·

219 2494 289 2536 sem
316 2483 477 2546 statuunt,
508 2484 544 2534 ut
570 2469 637 2533 dixi
662 2472 695 2534 in
719 2453 971 2554 Proiegomenis
1028 2472 1129 2534 latino
1159 2474 1231 2534 Cur.
1257 2471 1430 2534 Ludovieo
1463 2482 1603 2554 quatuor
1632 2467 1775 2531 millibus

218 2576 260 2642 sd
284 2595 401 2638 numos
427 2575 597 2656 Bithyniae
617 2574 692 2641 Vol.
714 2577 753 2638 11.
777 2594 810 2656 p.
830 2575 904 2655 397.
933 2576 970 2635 ln
1026 2576 1230 2638 tlralerorum
1250 2575 1349 2639 luisse
1366 2573 1584 2648 aestimatum,
1603 2591 1666 2655 qus
1679 2591 1777 2655 pecu·

218 2699 334 2742 museo
357 2674 523 2760 ¹I'lteupoli
540 2674 735 2768 proponitur
750 2696 866 2738 nuntus
884 2674 969 2758 apud
1027 2679 1081 2741 nia
1096 2693 1159 2741 tum
1177 2679 1260 2740 male
1277 2678 1445 2753 collecata,
1464 2687 1498 2736 et
1515 2673 1569 2738 vel
1584 2676 1663 2753 sels,
1680 2692 1774 2758 quam

217 2781 400 2863 Mytilenen
428 2779 591 2861 signatus,
619 2779 653 2839 in
679 2777 867 2864 quostiam
898 2777 969 2859 ejus
1025 2780 1123 2843 facile
1146 2780 1265 2860 justum
1290 2790 1439 2840 monetae
1468 2777 1629 2859 genuinae
1655 2795 1775 2859 agmen

223 2882 323 2965 cupiti
339 2879 469 2942 additur
487 2875 626 2942 ΘΕΟΣ.
1024 2879 1210 2962 eomparuri
1228 2877 1372 2960 poterat!

1059 2976 1062 2977 ⁷
1191 2980 1349 3045 IVLIVS.
1363 2976 1546 3039 CAESAR.
1573 2975 1680 3058 Caput
1701 2979 1774 3038 qu-

1190 3093 1336 3156 rentum,
1357 3081 1458 3157 juxta
1477 3080 1594 3139 lituum

278 3185 389 3269 'Hujus
410 3181 544 3267 generis
565 3181 677 3265 plnres
696 3193 872 3265 suppetunt
893 3201 968 3243 eum
1026 3184 1072 3250 Μ.
1091 3180 1280 3248 BRVTVS.
1312 3183 1420 3264 Caput
1440 3180 1493 3243 M.
1510 3179 1614 3243 Bruti
1634 3168 1775 3256 neuim,

220 3288 325 3373 capite
347 3290 371 3352 1.
390 3286 537 3348 Caesaris
561 3283 677 3365 signati
701 3283 833 3366 Beryti,
855 3284 970 3345 Corin·
1021 3307 1109 3370 pone
1124 3286 1238 3365 pugio.

216 3395 280 3469 thi,
299 3391 423 3474 Copiae
444 3408 502 3451 seu
520 3387 690 3471 Lugduni,
710 3386 850 3470 Sinope,
869 3387 969 3453 Vien·
1087 3385 1203 3447 Editus
1228 3405 1245 3446 a
1268 3381 1404 3446 Meffoio
1430 3380 1464 3443 in
1490 3381 1622 3447 Verona
1646 3383 1772 3446 illustr.

212 3517 297 3573 nae,
323 3512 505 3579 quanquam
529 3490 700 3552 ethorum
724 3488 899 3573 plerosque
921 3510 969 3550 sa·
1024 3488 1114 3552 Part.
1138 3487 1191 3548 lll.
1224 3507 1256 3569 p.
1280 3486 1352 3550 235.
1395 3483 1501 3564 Hujus
1532 3482 1623 3545 nemi
1657 3482 1773 3546 malum
1869 3529 1871 3571 5

225 3049 452 3115 Coloniarum.

223 3599 262 3660 tis
280 3595 449 3681 probabile
467 3592 554 3654 sitin
571 3593 641 3675 ejus
658 3591 848 3654 memoriam
865 3591 970 3674 signa·
1025 3590 1126 3651 lidem
1166 3588 1243 3651 satis
1280 3588 1345 3671 jam
1387 3583 1628 3666 comprobarit
1647 3583 1775 3649 Bimae·
1891 3623 1893 3627 .

221 3712 283 3762 tos.
315 3697 423 3791 Quem
447 3696 643 3787 Vaillantius
662 3693 892 3776 Carthaginem
915 3712 972 3756 vu-
1028 3690 1088 3756 dus
1107 3688 1154 3775 b).

222 3801 320 3871 cavit,
341 3812 392 3860 est
414 3798 570 3881 Sinopes,
592 3816 690 3881 quern
706 3796 894 3871 valentiae,
915 3813 971 3857 ve·

221 3904 288 3965 rius
310 3901 476 3973 Viennae,
508 3910 543 3962 ut
567 3899 602 3960 in
627 3899 743 3963 harem
766 3897 970 3964 coloniarum
1043 3891 1415 3961 MAGISTRATVS
1434 3889 1502 3955 ΕΤ
1519 3883 1757 3954 HONORES.

217 4003 323 4068 nemis
342 4002 476 4070 dictum.

1313 4074 1490 4143 Consul

472 4185 578 4252 Numi
597 4189 714 4271 Spurii·
1088 4197 1215 4264 Consul
1244 4195 1416 4284 quinquies
1438 4194 1599 4279 prooessit
1621 4208 1660 4258 ea
1682 4190 1769 4278 lego,
1898 4269 1901 4274 .

283 4313 320 4372 ln
341 4309 460 4372 horum
481 4326 637 4385 numero,
661 4304 749 4391 quod
768 4303 808 4369 sd
825 4305 970 4390 reliquo-
1027 4323 1122 4389 quarn
1144 4323 1245 4385 supra
1263 4298 1444 4382 descripsi:
1462 4295 1537 4359 lion
1559 4312 1675 4359 omnes
1696 4294 1772 4358 eeu·

220 4434 293 4476 rum
324 4412 421 4475 etiam
448 4412 681 4494 imperatorum
703 4428 819 4472 numos
843 4397 971 4483 raloat,
1026 4406 1147 4468 sulatus
1169 4416 1239 4467 toto
1260 4423 1344 4468 snno
1367 4400 1484 4486 gessit,
1505 4415 1622 4462 verum
1642 4412 1678 4462 nt
1699 4398 1770 4482 plu-

221 4535 278 4579 eos
295 4529 395 4600 puto,
418 4514 472 4598 qui
491 4537 509 4576 a
526 4514 604 4578 siris
624 4511 760 4576 eruditis
778 4533 838 4596 pro
856 4509 971 4597 genui·
1026 4529 1082 4572 res
1108 4506 1170 4570 sibi
1198 4506 1397 4578 devinciret,
1425 4515 1480 4566 aut
1506 4499 1771 4585 grstismrsisre

215 4637 1772 4678 mmm-...uuu-

258 4741 292 4813 ·)
311 4692 456 4837 mmpp.
530 4735 566 4810 r)
585 4736 635 4794 aa
652 4735 764 4795 rosen.
779 4723 865 4796 ran
881 4736 905 4794 t.
921 4744 1027 4812 nna
