4012 5370
726 466 962 542 sumne.
1543 492 1613 562 525

60 633 150 696 lecto
176 631 337 715 Spartiani
358 632 431 693 leco
451 635 633 715 arguentis,
658 634 809 698 Sabinam
866 635 1011 700 additum
1033 635 1134 701 decus
1157 637 1234 699 dum
1257 638 1388 723 utrique
1407 643 1613 722 gratulantur

59 735 125 817 jam
161 748 320 797 mortuam
356 744 430 795 ente
464 733 674 816 adoptionem
704 736 808 814 Aelii,
866 741 1065 816 Tarsenses,
1098 737 1181 800 illud
1210 738 1368 821 peculiari
1397 743 1534 823 quadam
1563 766 1615 808 ra·

59 855 160 918 quem
175 849 284 899 tamen
298 833 484 917 adoptatum
500 837 564 919 jam
582 850 707 901 constat
725 857 809 902 anno
866 840 974 915 tione,
1002 853 1036 903 et
1051 841 1085 902 in
1103 843 1371 917 ostentationem,
1399 863 1463 927 quo
1483 845 1518 907 iu
1536 865 1616 910 ocu·

61 938 104 1004 V.
124 938 159 999 C.
184 937 266 1014 888,
298 949 352 1000 aut
382 936 497 1002 saltem
528 937 673 1004 nondum
699 939 809 1004 adulto
867 942 918 1005 les
943 941 1038 1007 citius
1060 943 1261 1018 incurreret,
1287 941 1470 1008 numismati
1497 966 1615 1031 angen·

63 1057 147 1103 anno
169 1038 242 1117 eta,
864 1055 919 1105 teo
945 1045 1102 1107 maximae
1119 1044 1245 1108 formae
1262 1045 1474 1129 insculpsere.
1506 1048 1612 1126 Novi,

572 1204 575 1209 4
862 1145 1077 1208 Pellerinium
1091 1146 1203 1211 literas
1215 1141 1281 1207 At
1297 1146 1413 1230 legere
1432 1144 1615 1231 ΑΤτονομι,

324 1252 341 1287 *
427 1205 446 1240 ι
529 1254 548 1289 ⁶
862 1245 1061 1320 hauddubie
1081 1259 1268 1330 propterea,
1286 1249 1436 1328 quoniam
1456 1250 1614 1340 cumjaut

125 1345 288 1426 Egregius
312 1341 409 1403 etiam
438 1355 489 1406 est
517 1363 673 1428 sequens,
709 1367 807 1430 quern
862 1347 1037 1430 praecedat
1071 1342 1264 1412 vocabulum
1296 1345 1528 1427 cessem,
1561 1372 1618 1414 se·-

63 1467 105 1510 ex
127 1444 308 1507 Pellerinie
337 1455 442 1507 tetum
465 1444 654 1513 describere
687 1469 812 1533 operae
867 1469 969 1532 quens
993 1444 1142 1535 Α’Τιγιςη
1165 1448 1313 1532 ejusdem
1339 1470 1412 1513 cum
1436 1450 1548 1535 priore
1570 1451 1612 1513 si·
1714 1448 1718 1456 '

60 1548 217 1629 pretium.
867 1549 1082 1631 gnificatienis
1110 1550 1281 1613 manifesta
1309 1564 1397 1614 esset
1423 1554 1609 1638 tautologia.

203 1643 312 1709 ΑΤΤ.
324 1647 414 1710 ΚΑΙ.
426 1644 495 1710 ΘΕ.
508 1648 611 1713 ΤΡᾹ.
629 1646 808 1716 ΠΑΡ.ΤΙ.
865 1653 909 1713 Aa
927 1672 1006 1716 vero
1024 1652 1165 1735 primum
1182 1652 1252 1735 ipse
1266 1652 1387 1715 latetur
1401 1652 1614 1732 Pelleriniut,

206 1747 274 1809 ΘΕ.
296 1746 400 1810 ΝΕΡ.
425 1745 814 1828 T1.TPA1,(AAP1A·
865 1758 1029 1838 nunquam
1054 1735 1136 1816 'alias
1161 1754 1341 1818 Tarsenses
1369 1754 1484 1819 solitos
1513 1757 1614 1820 Aure·

203 1846 314 1911 NON.
341 1852 446 1930 Caput
457 1852 626 1914 Hadriani
640 1855 810 1915 radiatum
866 1873 937 1937 ιομι
956 1854 1088 1918 titulum
1114 1853 1220 1917 numia
1247 1855 1453 1920 inscriberet·
1493 1855 1614 1921 deinde

204 1956 296 2013 intra
310 1950 429 2011 literas
440 1954 585 2031 grandes
600 1947 646 2013 Π.
666 1948 714 2014 Π.
866 1970 1005 2040 propter
1022 1956 1105 2020 hene
1125 1957 1229 2040 ipsam
1250 1954 1428 2036 rationem,
1450 1971 1486 2022 ut
1507 1959 1614 2022 minus

63 2050 279 2116 CAECINA.
299 2049 521 2117 CGBACTH.
542 2051 660 2117 ΑΔΡΙ.
675 2051 808 2115 TAPC.
866 2078 1025 2138 apparens
1047 2056 1340 2141 essettautologis,
1363 2080 1424 2143 pro
1444 2061 1505 2140 jam
1526 2061 1614 2124 dicto

61 2148 436 2216 MHTPOHOAGOC.
470 2157 575 2234 Caput
595 2153 738 2216 Sabinae
760 2157 817 2214 law
864 2157 1079 2221 CGBACTH
1103 2160 1337 2222 substituerent
1361 2156 1522 2250 Meysen.
1551 2165 1614 2224 tti-

61 2276 124 2316 nos
145 2257 336 2335 impositum
367 2259 458 2316 intro
477 2255 597 2315 literas
615 2255 811 2333 grandiores
866 2279 927 2321 nus
970 2257 1163 2323 offendisset
1195 2260 1412 2325 Pellerinium
1452 2284 1616 2347 apparens

61 2351 657 2436 AT.stt.max.mod.(Pe1e1-in
681 2358 761 2419 Mel.
785 2357 809 2420 l.
867 2359 949 2423 baec
974 2361 1168 2445 tautologia,
1208 2362 1240 2423 si
1258 2362 1444 2428 reflexisset
1468 2365 1613 2427 animum

63 2476 137 2539 pag
130 2457 243 2536 ..sB7)
868 2461 908 2524 ad
929 2483 1061 2525 numum
1084 2462 1233 2545 ejusdem
1254 2463 1392 2529 Sabinae
1413 2465 1452 2528 ab
1472 2467 1612 2548 Haymio

124 2556 360 2638 Proponitur
351 2578 383 2616 ιιι
409 2557 473 2619 boc
498 2576 599 2618 numo
629 2556 810 2621 Hadrianus
868 2561 993 2624 editum
1014 2564 1063 2643 ·,)
1091 2565 1126 2626 in
1155 2586 1221 2649 quo
1250 2568 1361 2651 legasz
1398 2561 1618 2631 cunt-:ltus

61 2655 188 2721 cinctus
220 2678 341 2720 corona
370 2659 490 2720 radiata
520 2658 620 2720 instar
640 2659 745 2731 Solis,
776 2672 811 2720 et
868 2659 1091 2729 ceBAcTH.
1110 2659 1215 2730 ΑΤΓ.

64 2757 213 2822 Sabina
204 2772 304 2822 metm
325 2761 459 2837 Lunae,
489 2779 571 2844 quae
593 2759 627 2820 in
648 2759 810 2843 Augusto·

63 2880 137 2921 rum
173 2861 245 2942 pari
281 2862 432 2925 attributa
470 2875 603 2945 praeter
648 2873 809 2924 monetam
1128 2907 1150 2948 0
1233 2862 1252 2904 0

61 2963 240 3024 Romanam
262 2964 338 3026 inde
367 2987 384 3025 n
408 2965 534 3029 Severo
561 2983 627 3025 nen
649 2964 743 3045 pauci
765 2965 814 3027 of·

61 3063 176 3125 terunt
193 3066 281 3125 numi
302 3079 392 3128 extra
409 3064 525 3127 urbem
541 3065 674 3146 signati,
690 3079 723 3126 et
740 3085 812 3148 spe·
873 3066 1096 3132 Coloniarum.

27 3211 31 3214 -
64 3166 172 3227 ciatirn
203 3166 293 3227 numi
323 3167 468 3228 coloniae
497 3165 644 3229 incertae
665 3187 737 3229 cum
761 3187 812 3230 ca·

62 3267 183 3350 pitibus
204 3267 361 3343 Neronis,
387 3281 420 3328 et
441 3266 608 3332 Octaviae.
640 3267 707 3329 Sed
729 3269 811 3332 baec
930 3271 1097 3334 Hactenus
1120 3269 1153 3332 ei
1173 3282 1297 3334 tautum
1318 3291 1338 3334 s
1358 3268 1535 3336 Corinthiis
1558 3269 1614 3338 dt·

63 3367 195 3430 aliunde
225 3370 299 3430 satis
330 3368 469 3451 cognita.
505 3370 628 3435 Verum
660 3368 746 3431 istud
775 3369 810 3430 in
868 3368 1004 3436 dicatam
1022 3385 1184 3451 monetam
1200 3385 1337 3437 eeutmt.

64 3471 128 3532 boe
152 3492 249 3534 nume
266 3471 449 3554 peculiare,
472 3470 559 3553 qued
584 3470 617 3530 in
641 3491 716 3533 area
742 3491 815 3553 par·

65 3574 107 3635 tis
125 3572 248 3636 anticas
265 3573 395 3655 legatur
412 3567 458 3635 Π.
476 3568 522 3634 Π.
538 3571 574 3631 id
590 3585 654 3634 ests
685 3566 815 3650 Πατερα
1130 3602 1151 3639 ι
1235 3556 1257 3596 ⁶
1336 3602 1357 3640 ο

64 3667 246 3752 Haeredes,
267 3676 301 3735 in
325 3697 400 3737 area
424 3693 559 3736 aversae
580 3670 655 3738 At.
688 3673 722 3735 id
746 3687 816 3736 est:

66 3771 237 3860 ΑΤιγκςη,
259 3777 440 3860 etquidem
460 3789 634 3859 utrumqne
651 3789 822 3840 exaratum>
877 3775 1124 3839 Alexandrini.

67 3878 257 3942 charactere
288 3879 485 3962 grandiore,
524 3876 614 3961 quod·
641 3898 717 3941 sene
748 3898 815 3941 non

67 3981 137 4044 sine
168 3996 259 4044 certa
285 3981 411 4044 ratione
441 3980 570 4043 factum.
606 3979 708 4043 Plane
730 3981 816 4044 veri·
934 3977 1061 4040 Horum
1091 3977 1246 4042 nonnulli
1273 3977 1405 4062 proditi.
1450 3979 1611 4066 insignior

65 4083 174 4145 simile
192 4096 259 4157 est,
281 4105 413 4145 numum
434 4083 518 4146 bunc
538 4082 637 4143 fuisse
653 4080 813 4161 signatum
871 4076 920 4155 is,
958 4077 1015 4165 qui
1043 4099 1163 4144 annum
1192 4077 1267 4145 ΚΑ.
1300 4080 1492 4167 inscriptum
1521 4083 1613 4147 exhi·

63 4184 105 4248 V.
128 4186 162 4245 C.
188 4187 271 4257 88ι,
305 4206 370 4269 quo
395 4206 478 4248 anne
505 4185 660 4257 diximus,
690 4195 725 4244 et
748 4186 813 4247 Ha·
871 4178 928 4246 bet
942 4178 993 4262 ¹³),
1015 4180 1104 4246 unde
1119 4181 1283 4267 arguitur,
1302 4194 1339 4245 ut
1355 4181 1498 4264 dietum,
1523 4183 1612 4247 sabi-

65 4284 213 4349 drianum
231 4292 343 4365 putris
357 4292 504 4367 petrice,
527 4301 560 4350 et
575 4286 724 4348 Sabinam
742 4287 815 4347 Au·
871 4304 946 4349 nem
970 4283 1076 4347 adhuc
1098 4296 1238 4349 exeunte
1263 4286 1411 4368 Augusto
1434 4283 1476 4353 V.
1497 4283 1534 4350 C.
1550 4285 1616 4366 88⁴3.

62 4404 182 4468 gustus
219 4388 330 4449 titulos
354 4387 542 4462 abstulisse,
581 4387 673 4472 qnod
693 4406 813 4452 notum
871 4383 1004 4450 invitis
1027 4383 1138 4450 fuine.

100 4693 131 4759 a)
153 4702 237 4756 Τιιηι.
249 4703 283 4762 ll.
301 4701 356 4757 lah.
369 4715 411 4765 33.
427 4721 454 4756 n.
465 4713 490 4775 9.
567 4703 600 4773 b)
621 4701 778 4776 Theupoli.
