4012 5370
218 448 290 533 280
722 431 956 509 VXORES
980 430 1252 507 NERONIS.

220 608 468 679 AGRIPPINA.
495 604 596 674 AVG.
625 604 819 687 Agrippina
838 604 964 666 sedens.
1018 624 1074 681 ro,
1111 602 1279 667 interemit
1303 614 1431 678 tamen,
1459 618 1529 664 ιιοιι
1556 600 1692 689 quidem
1721 602 1762 667 de

220 720 293 784 ΑΕ.
310 719 364 778 111.
1020 705 1172 781 consilio,
1189 704 1262 787 sed
1291 723 1353 786 per
1380 702 1545 767 fortuitam
1562 704 1762 769 iracundiam

284 820 322 879 ln
352 812 489 897 reliquis
520 796 686 894 plerisque
714 806 860 889 jungitur
888 825 963 869 cum
1020 807 1120 871 calcis
1140 807 1208 871 ictu
1234 802 1415 880 adllictam,
1447 806 1538 888 quod
1557 826 1595 870 ae
1618 825 1659 870 ex
1679 807 1762 871 anri·

222 919 339 983 marito
354 918 488 979 Nerone
503 910 595 975 nullo
615 907 820 972 memorabili
834 920 921 991 typo.
1022 908 1151 992 gatione
1167 926 1244 971 aero
1259 925 1430 971 reversum
1444 906 1596 990 gravida,
1615 923 1650 973 et
1664 928 1761 993 aegra

286 1021 368 1104 Ejus
389 1017 486 1080 etiam
501 1012 623 1076 mentio
642 1009 679 1072 fit
698 1010 733 1070 in
753 1009 859 1071 numis
875 1008 965 1071 colo·
1021 1009 1177 1077 conviciis
1197 1009 1377 1072 incesserat
1397 1010 1439 1077 V.
1456 1011 1494 1075 C.
1516 1012 1581 1075 818
1596 1013 1638 1093 e).
1677 1012 1764 1073 Eon-

105 1184 110 1191 .
223 1123 349 1186 niarurn
376 1120 590 1189 incertarum,
618 1131 700 1194 quos
724 1131 822 1193 supra
852 1110 885 1171 in
908 1132 966 1171 nu·
1023 1126 1077 1176 tua
1101 1124 1224 1175 tantum
1242 1109 1294 1173 sui
1319 1109 1520 1174 desiderium
1536 1112 1668 1176 Neroni
1689 1112 1763 1175 reli·

223 1225 285 1289 mis
297 1221 424 1287 Claudii
434 1214 602 1280 commatis
616 1212 784 1296 peregrini
797 1210 966 1294 descripsi,
1026 1214 1111 1299 quit,
1129 1226 1164 1274 ut
1180 1233 1247 1276 non
1258 1211 1321 1275 alia
1337 1210 1382 1276 de
1398 1234 1494 1278 cauta
1511 1232 1620 1297 puero
1638 1212 1764 1289 liberto,

224 1340 259 1391 et
280 1323 413 1407 quidem
435 1320 469 1379 in
491 1314 658 1380 consortio
675 1312 785 1374 fratris
808 1312 970 1375 Britanni·
1027 1314 1081 1378 cui
1115 1314 1223 1397 Spore
1252 1333 1391 1392 nomen,
1425 1316 1460 1377 in
1495 1316 1609 1380 uxoris
1639 1314 1767 1379 modum

225 1428 274 1503 oi,
309 1438 343 1487 et
373 1419 496 1485 sororis
518 1414 691 1478 Antoniae.
734 1415 815 1476 item
843 1415 878 1476 in
905 1415 970 1477 alio
1028 1429 1198 1491 uteretur,
1228 1436 1324 1501 quam
1352 1417 1441 1500 quod
1467 1418 1646 1503 Poppaeae
1667 1416 1768 1481 forma

227 1526 375 1592 coloniae
410 1523 553 1583 incertae
593 1536 667 1579 cum
705 1515 810 1596 capite
850 1515 969 1592 mariti,
1028 1518 1310 1582 simillimuaeaset
1328 1516 1366 1596 s).
1390 1520 1769 1605 Eamsaneposteacon·

227 1649 326 1713 quem
347 1617 483 1689 recitavi
508 1620 542 1681 in
564 1630 695 1681 moneta
711 1617 889 1703 peregrine
905 1618 971 1682 Ne·
1028 1619 1168 1685 recrevit
1194 1631 1361 1689 exstructo
1391 1620 1462 1705 ejus
1491 1620 1617 1685 honori
1638 1620 1768 1707 templo,

227 1727 327 1790 τοιιὶι.
1028 1718 1116 1806 quod
1147 1720 1305 1804 patefacta
1335 1723 1399 1807 jam
1428 1722 1578 1791 Vindicis
1609 1722 1766 1788 seditione

1028 1822 1190 1887 dedicarit
1218 1822 1376 1908 inscripto
1409 1824 1442 1886 ei
1471 1824 1588 1888 titulos
1628 1824 1768 1889 Sabinas

229 1933 325 1994 onr
338 1929 388 1994 11.
1029 1928 1110 1988 deae
1128 1927 1252 1989 Veneri
1262 1938 1435 1989 matronae
1440 1930 1604 2011 fecerunt
1622 1928 1668 2007 a).
1701 1928 1769 1989 lle·

1028 2026 1153 2089 moriae
1177 2025 1341 2110 proditum
1364 2040 1432 2104 eat,
1465 2024 1551 2090 adeo
1574 2048 1649 2093 earu
1671 2028 1707 2091 in
1722 2026 1770 2091 lu·

330 2170 399 2234 Po
410 2164 600 2231 PPAEA
643 2162 871 2230 SABINA·
1028 2147 1125 2203 xum,
1147 2140 1181 2191 et
1196 2128 1436 2195 conservandas
1453 2127 1583 2194 formae
1598 2128 1771 2195 illecelrraa

1030 2226 1133 2290 fuisso
1155 2248 1366 2313 propensam,
1393 2244 1429 2294 nt
1442 2230 1548 2295 mulas
1571 2230 1774 2297 haberetne·

293 2335 373 2415 Ejus
404 2356 481 2400 avus
512 2345 677 2394 maternus
708 2329 770 2391 suit
801 2292 974 2413 Poppaeus
1031 2330 1098 2392 reis
1116 2328 1216 2392 soleis
1224 2333 1408 2411 calceatae,
1435 2345 1470 2396 et
1491 2332 1694 2417 quingentae
1718 2330 1775 2397 asi·

233 2434 372 2498 Sabinus
399 2435 448 2498 vir
472 2432 668 2507 consularis,
698 2452 734 2493 ac
759 2430 974 2515 triumphalis,
1031 2450 1094 2493 uae
1117 2406 1262 2515 quotidie
1283 2432 1527 2517 mitigarentur,
1551 2454 1689 2520 quarum
1708 2430 1774 2519 ipsa

231 2550 325 2622 pater
360 2539 399 2601 Τ.
426 2534 552 2608 Ollius,
590 2532 729 2596 amicitia
757 2533 868 2614 Sejani
901 2553 977 2616 per·
1033 2533 1119 2595 lacte
1138 2532 1304 2598 lavaretur
1316 2536 1363 2615 h).

230 2657 367 2719 πιοῦσι
399 2650 431 2699 at
462 2656 535 2699 cum
565 2634 616 2696 avi
637 2654 757 2695 nomen
788 2648 876 2697 esset
904 2634 979 2694 illn-

232 2740 350 2815 strius,
374 2738 438 2801 hoc
461 2737 508 2799 uti
533 2736 645 2797 maluit
667 2739 708 2816 ¹)
746 2737 899 2818 Denupta
917 2733 978 2796 luit
1337 2718 1485 2785 Numi-⁹

232 2842 321 2905 Ruio
336 2840 502 2924 Crispino,
527 2858 569 2899 ex
587 2856 693 2921 eoque
710 2834 839 2897 lilium
829 2858 892 2919 yam
910 2857 979 2900 sus·
1103 2838 1285 2901 Commatt’s
1299 2838 1442 2937 Romani
1457 2838 1606 2905 nondum
1619 2844 1751 2929 reperti.

232 2944 318 3007 tulit.
369 2942 544 3003 Mulierem
584 2938 734 3002 formu
725 2942 903 3022 insignem,
941 2957 978 3000 ac
1103 2928 1469 3021 commatisperagrim'
1490 2942 1612 3027 signati
1634 2944 1777 3009 ιιοιιιιιιΙΙί

235 3045 287 3110 vel
319 3042 394 3105 ideo
417 3042 457 3105 ad
489 3062 616 3104 omnem
648 3039 816 3103 libidinem
848 3040 979 3123 pronio-
1038 3038 1072 3101 in
1091 3041 1228 3102 urbibus
1247 3038 1401 3118 Graecis,
1428 3044 1621 3127 Magnesiae
1636 3034 1679 3109 ad
1694 3046 1779 3131 Sipy-

233 3167 307 3207 rem
335 3144 424 3206 Otho
451 3143 576 3203 Neroni
604 3142 859 3217 commendavit,
885 3162 981 3225 quam
1037 3142 1123 3217 lum,
1143 3138 1284 3223 Ephesi,
1300 3141 1418 3216 leonii,
1438 3142 1617 3227 Smyrnae,
1633 3150 1777 3231 Ancyrae

234 3248 265 3309 ia
296 3236 430 3328 probata
456 3244 562 3305 forma
588 3263 625 3305 ac
651 3242 794 3304 moribus
823 3243 918 3306 facile
948 3245 981 3304 in
1038 3242 1218 3325 Phrygiae;
1250 3241 1339 3326 iique
1361 3264 1477 3308 omnes
1503 3244 1684 3329 admodum
1705 3248 1776 3313 rari.

239 3345 393 3410 adulterii
408 3344 668 3409 communionem
685 3344 812 3426 recepit
832 3341 875 3425 b).
914 3344 982 3407 Sed
1038 3344 1148 3407 Minus
1171 3341 1238 3405 rani
1253 3345 1487 3410 Alexandrini
1509 3350 1665 3433 argentei
1681 3350 1777 3415 mixto

240 3450 327 3513 enim
362 3448 484 3512 semina
520 3448 683 3530 impotens
718 3445 886 3508 adulterae
924 3465 982 3507 no·
1037 3446 1231 3528 plerumque
1248 3444 1352 3508 multo
1365 3464 1454 3510 aere.
1483 3450 1522 3511 In
1539 3450 1777 3517 ltiacertosan·

237 3574 314 3614 men
345 3550 517 3636 dedignata
554 3548 697 3632 perpulit
727 3550 911 3624 Neronem,
947 3560 982 3609 ut
1037 3568 1098 3612 noa
1114 3545 1271 3609 habemus
1287 3547 1326 3612 L.
1338 3542 1380 3613 Θ.
1394 3548 1422 3611 I.
1438 3548 1499 3614 IA.
1536 3550 1776 3621 atanuilllt

240 3653 407 3719 exturbata
451 3651 592 3735 primum
630 3648 784 3724 Octavia,
831 3670 907 3711 mox
941 3649 983 3710 ad
1039 3646 1200 3733 IA,quos
1214 3647 1249 3709 in
1262 3648 1417 3733 catalogis
1429 3650 1660 3737 promulgatos
1676 3652 1776 3731 video,

241 3770 381 3818 mortem
410 3753 521 3817 adacta
546 3750 654 3813 cidem
680 3750 885 3813 matrimonio
913 3750 983 3833 jun·
1039 3750 1126 3813 haud
1147 3748 1246 3811 dubie
1268 3770 1327 3813 seu
1346 3770 1408 3835 per
1427 3750 1617 3835 deiectum,
1644 3774 1705 3821 seu
1722 3776 1778 3841 pet

242 3871 379 3941 geretur
406 3856 448 3920 V.
472 3858 508 3920 C.
531 3858 593 3919 815
622 3853 676 3915 <lie
703 3867 778 3936 post
807 3851 982 3914 divortium
1040 3871 1210 3915 excessum
1225 3850 1355 3915 fallunt.¹

240 3957 502 4037 duodecimae).
539 3957 635 4017 Anno
652 3968 809 4039 aequente
834 3953 928 4016 enixa
947 3948 984 4011 fi·
1101 3951 1341 4036 Epigrapltein
1358 3952 1510 4017 Graecis:
1545 3950 1777 4021 nonnam.

239 4063 317 4123 liam
346 4062 525 4140 Augustae
558 4071 732 4140 propterca
763 4056 907 4131 titulum,
946 4074 983 4116 uc
1040 4048 1279 4116 ΣΕΒΑΣΤΗ.
1299 4056 1372 4119 vel:
1398 4050 1677 4127 ΠΟΠΠΑΙΑΝ.
1705 4056 1780 4123 ΝΕ·

241 4165 417 4225 immensos
428 4160 568 4221 honores
584 4181 600 4219 n
618 4171 731 4219 senatu
744 4156 895 4218 decretos
914 4155 984 4216 aba·
1040 4152 1221 4218 ΡΩΝΟΣ.
1240 4148 1508 4223 ΣΕΒΑΣΤΟΤ.
1531 4158 1642 4247 Baapa
1651 4162 1778 4249 ajuta-

240 4265 314 4327 tulit
335 4263 377 4348 d).
416 4263 539 4329 Verum
557 4280 651 4343 quam
675 4259 770 4320 unice
793 4256 906 4319 dilexit
920 4258 985 4318 Ne·
1039 4268 1098 4337 put
1113 4254 1261 4340 jungitur
1272 4279 1346 4321 oum
1361 4258 1468 4344 capite
1482 4262 1639 4327 Neronis.

277 4502 309 4571 a)
328 4498 422 4555 Tacit.
437 4495 600 4553 Annlllll.
614 4505 658 4555 ts·
734 4492 769 4563 h)
789 4488 952 4549 tractate.
1027 4492 1058 4562 c)
1077 4490 1170 4548 Tacit.
1183 4492 1343 4551 Annxtv.
1356 4496 1403 4559 60.
1422 4494 1503 4557 Suet.
1519 4510 1603 4565 mss.
1676 4500 1776 4573 att·-

243 4586 512 4650 cit.Ann.XV.23.
589 4588 620 4655 e)
639 4584 731 4638 Tacit.
746 4581 909 4641 Amnxvl.
922 4583 949 4644 6.
969 4580 1050 4639 Suet.
1065 4598 1091 4637 c.
1102 4592 1147 4645 55.
1165 4582 1224 4639 Dio
1237 4582 1473 4657 L·LX11.§.27.'
1536 4588 1772 4663 Officium

240 4681 320 4747 §.ta
394 4678 427 4755 ς)
447 4676 541 4733 Tacit.
557 4676 632 4731 Αιιιι.
640 4672 718 4738 XVI.
732 4685 776 4735 21.
794 4672 851 4729 Dio
865 4670 897 4727 L.
906 4674 1008 4735 LXIII.
1025 4676 1104 4749 §.26.
1179 4672 1216 4745 lt)
1235 4672 1292 4730 Dio
1306 4672 1438 4735 lami.
1451 4678 1535 4751 §.m
