3998 5340
355 496 427 568 5le
911 477 1339 557 VESPASIANVS.

520 651 589 716 Til.
603 650 704 715 Por.
718 652 758 716 X.
776 650 941 716 cointii.
959 650 1099 735 (Gruter
1156 649 1260 726 dinan,
1279 663 1349 714 turn
1365 648 1465 714 fiueru
1482 658 1632 714 statuant.
1655 647 1903 733 Hadiobarbus,

519 773 592 837 pag.
621 754 790 819 ccxtut.
815 755 847 819 ll.
878 752 999 819 Murat.
1024 775 1098 838 pag.
1157 753 1211 839 qui
1230 772 1403 816 uumoruns
1420 750 1569 815 ordinem
1586 772 1641 815 sus
1658 752 1769 840 sieque
1791 757 1902 833 vertit,

521 855 725 923 ccxxvnt.
742 857 791 934 4.)
1157 855 1218 917 etsi
1234 874 1291 916 cos
1306 852 1346 915 asi
1361 853 1596 937 chronologiae
1611 853 1705 939 leges
1718 870 1902 923 contexere

370 983 375 1003 ι
423 956 515 1051 Quae
538 957 639 1021 inerit
665 956 734 1038 ejas
756 955 843 1018 titali
865 956 1100 1041 multiplicandi
1156 954 1382 1039 proposuerit,
1416 955 1481 1034 jam
1507 955 1691 1017 adsunam
1714 958 1755 1024 V.
1774 959 1813 1025 C.
1838 960 1904 1023 822

359 1058 504 1134 occasio,
532 1058 594 1122 nisi
616 1058 812 1138 conjecturis
838 1072 870 1122 te
893 1060 1021 1144 penitus
1043 1059 1101 1119 im·
1159 1055 1304 1118 obtrudit
1327 1075 1460 1131 numos,
1486 1054 1521 1117 in
1544 1055 1660 1142 quibas
1682 1058 1906 1142 Vespasianus

357 1178 504 1242 mergas,
531 1157 665 1223 difficile
688 1173 738 1222 est
759 1158 926 1223 decidere.
966 1161 1112 1223 Interie·-
1159 1157 1334 1220 CENSOR
1356 1157 1556 1222 inscribitur.
1587 1158 1750 1222 Nimirum
1773 1161 1834 1225 sne
1862 1182 1906 1228 eo

358 1281 397 1324 ro
407 1263 593 1344 scriptores
611 1260 761 1344 plerique
783 1260 878 1342 hujus
899 1259 1044 1343 imperii,
1068 1275 1102 1322 et
1158 1280 1261 1336 anno,
1282 1278 1347 1342 quo
1364 1261 1469 1322 Rama
1485 1258 1601 1335 abfuit,
1624 1274 1659 1323 et
1675 1281 1743 1344 quo
1759 1261 1907 1327 incestae

359 1376 502 1437 constat,
542 1375 577 1423 nt
608 1361 685 1424 elisa
718 1362 848 1436 monui,
886 1361 1101 1445 imperatores
1159 1360 1264 1424 adhuc
1283 1362 1353 1440 cjus
1371 1359 1466 1423 fuere
1483 1380 1554 1435 res,
1573 1378 1826 1445 conrumpere
1839 1366 1906 1430 ilc·

361 1465 456 1526 etiarn
484 1461 611 1529 letibus
641 1481 682 1527 ex
709 1461 812 1525 causis
834 1462 920 1527 huuc
941 1461 1102 1527 honorem
1160 1482 1231 1526 mae
1253 1461 1373 1542 potuit!
1401 1462 1464 1528 Vel
1485 1461 1616 1524 unicum
1632 1461 1697 1525 hoc
1716 1464 1907 1549 exemplatur

363 1563 507 1628 iterasse.
1160 1563 1357 1629 documento
1383 1574 1471 1637 esto,
1500 1581 1596 1647 quam
1619 1565 1747 1626 temere
1770 1565 1799 1628 is
1824 1579 1908 1635 cata·

1160 1666 1272 1748 lopus,
1302 1679 1336 1728 et
1364 1683 1459 1747 qnam
1487 1664 1577 1726 nulla
1605 1665 1700 1740 crisi,
1732 1664 1823 1748 quoti
1851 1671 1906 1733 vel

651 1753 819 1815 Censor·
910 1780 913 1787 '
1160 1768 1248 1848 ipsos
1278 1765 1400 1827 tirones
1432 1783 1508 1827 mox
1536 1763 1704 1842 advertet,
1740 1769 1905 1835 consarci-

423 1871 568 1934 Censura
591 1871 781 1953 Vespasiani
805 1871 914 1935 multia
940 1885 991 1935 eet
1013 1873 1103 1936 anafi-
1160 1870 1254 1929 nitus
1279 1867 1330 1927 ait.
1364 1866 1462 1927 Numi
1486 1879 1598 1929 cartae
1623 1864 1701 1929 fidei
1725 1879 1849 1931 tantuna
1873 1869 1906 1930 in

361 1974 477 2036 moniis
495 1972 692 2034 confirmata.
722 1973 896 2035 Suetonius
915 1975 958 2053 ¹12
990 1973 1103 2034 Suscc-
1160 1966 1379 2031 consulatibus
1399 1967 1454 2031 lv.
1474 1979 1507 2029 et
1527 1967 1584 2042 ἱ,
1612 1967 1665 2049 qui
1684 1971 1906 2052 complectun-

358 2079 411 2155 pit
431 2086 464 2134 et
485 2093 675 2147 censuram,
702 2091 742 2133 aa
759 2094 818 2152 per
841 2086 948 2134 toturn
970 2077 1104 2154 imperii
1160 2083 1214 2131 tur
1239 2088 1340 2131 annos
1367 2067 1407 2134 V·
1431 2066 1467 2128 (l.
1491 2067 1565 2132 825.
1587 2066 1660 2132 8¹⁶.
1681 2069 1762 2150 827,
1794 2089 1906 2135 ceusu·

363 2184 490 2252 tempus
517 2172 607 2233 nihil
633 2173 755 2232 habuit
783 2176 970 2250 antiquius,
1006 2194 1104 2251 quarn
1160 2169 1206 2232 ris
1225 2168 1353 2231 titulum
1371 2163 1510 2242 addunt,
1536 2179 1634 2250 atque
1651 2169 1790 2234 cauden
1807 2171 1905 2236 etiarn

355 2293 455 2353 prape
475 2271 656 2356 afflictam,
679 2278 913 2350 nutantemque
932 2275 1105 2354 rempubli·
1163 2270 1294 2333 omnino
1310 2268 1422 2352 legens
1441 2281 1622 2352 sequuntur
1637 2270 1728 2332 nurui
1745 2271 1826 2351 Titi,
1849 2273 1905 2358 qai

363 2391 435 2431 casn
460 2370 611 2432 stabilire
630 2375 754 2450 primo,
785 2373 903 2433 deinde
924 2386 958 2434 et
978 2393 1103 2436 ornare.
1162 2371 1262 2456 patris
1282 2368 1344 2430 init
1367 2368 1401 2429 in
1423 2388 1561 2433 censura
1584 2369 1741 2456 conlega,
1766 2373 1831 2436 etsi
1851 2372 1907 2436 hic

362 2473 453 2533 llaec
472 2488 552 2551 rege
576 2470 767 2543 Suetonius3
791 2484 822 2535 at
838 2471 1036 2536 Censorinus
1053 2497 1107 2538 an·
1163 2491 1205 2535 eo
1229 2468 1377 2546 differat,
1407 2470 1495 2555 qnod
1517 2472 1663 2536 censoris
1687 2473 1817 2536 titulare
1840 2494 1906 2538 sus·

362 2590 439 2632 nam
455 2571 560 2653 ipsum
577 2571 728 2636 enunciat
747 2570 797 2654 ¹2),
819 2590 893 2634 curn
913 2588 1038 2665 narrat,
1062 2575 1107 2641 fa·
1164 2571 1275 2637 citarit
1297 2570 1330 2632 in
1355 2572 1525 2636 consulatu
1545 2573 1604 2639 VI.
1640 2574 1732 2658 Ergo
1755 2575 1846 2660 quosl
1868 2577 1908 2639 asl

366 2686 453 2736 ctam
474 2689 546 2734 esse
566 2672 702 2736 lustrum
720 2672 760 2737 ab
776 2671 974 2757 imperatore
987 2677 1109 2760 Vespa·
1166 2692 1324 2738 censurae
1350 2673 1473 2737 exitum
1497 2672 1630 2752 attinet,
1660 2675 1766 2758 probe
1794 2695 1912 2743 conve·

368 2774 457 2837 siano
473 2773 515 2839 V.
538 2787 570 2836 et
589 2774 728 2839 Caesare
747 2777 802 2840 III.
822 2795 888 2839 cos.
918 2776 1035 2841 Incidit
1055 2778 1109 2842 hic
1165 2776 1214 2838 uit
1232 2774 1414 2837 Censorino
1431 2795 1507 2837 curn
1524 2775 1648 2852 nuusis,
1665 2776 1721 2857 qui
1738 2779 1781 2845 V.
1795 2779 1834 2844 C.
1851 2778 1913 2861 8η

332 2858 339 2882 ⁸
369 2875 538 2958 utriusque
555 2878 920 2940 consulatusinannum
936 2879 1111 2960 V.C.ila7.
1169 2875 1335 2940 conditum
1369 2899 1388 2941 a
1416 2877 1617 2960 vespesiano
1652 2876 1793 2941 lustrum
1827 2878 1915 2945 adse·

369 2977 493 3037 Plinius
523 2975 607 3040 binis
635 2977 716 3040 Iocis
748 2978 818 3058 ejus
848 2997 1006 3043 censuras
1036 2979 1115 3043 iacit
1169 2977 1222 3042 rit.
1255 2979 1297 3040 At
1322 2998 1396 3043 cunr
1419 2976 1546 3040 Plinius
1569 2974 1820 3062 quadriennium
1840 2979 1916 3045 huic

371 3075 588 3151 mentionem,
612 3077 793 3162 etquidem
811 3098 876 3140 uno
897 3081 944 3159 c)=
973 3082 1113 3143 Moenia
1170 3098 1330 3142 censurae
1361 3078 1553 3154 constituat,
1590 3077 1800 3164 intelligendi
1828 3080 1913 3146 tend

369 3179 439 3255 ejus
462 3177 617 3255 (Romae)
643 3179 804 3259 collegere
829 3180 955 3241 ambitu
976 3185 1115 3263 impera·
1171 3178 1269 3242 dubie
1299 3193 1373 3242 sunt
1399 3181 1474 3243 anni
1501 3179 1711 3265 incompleti,
1738 3195 1774 3246 st
1800 3189 1915 3249 resera

371 3276 510 3348 toribus,
531 3278 780 3354 censoribusque
797 3281 1012 3357 Vespasianis
1028 3305 1114 3344 anno
1171 3282 1321 3363 coeperit
1336 3281 1377 3347 V.
1392 3281 1430 3344 C·
1449 3283 1527 3357 aas,
1547 3295 1579 3345 at
1598 3294 1756 3365 sequente
1776 3285 1915 3366 primun

370 3377 524 3438 conditae
552 3377 614 3440 tino
644 3398 803 3457 passuum
818 3377 937 3444 xm.
968 3384 1018 3443 M.
1049 3385 1113 3447 CC.
1172 3402 1259 3446 anno
1282 3383 1311 3444 is
1332 3382 1445 3446 titulus
1468 3381 1569 3445 inerit
1588 3397 1741 3448 monetae
1764 3383 1915 3449 insertus.

373 3478 488 3542 Altero
508 3476 557 3558 d>s
578 3479 731 3560 exempla
750 3482 969 3543 recentissimi
988 3505 1114 3559 census,
1172 3485 1336 3548 Marmora
1359 3481 1593 3566 Vespasianum
1618 3485 1725 3549 adlruc
1747 3484 1782 3548 iu
1801 3504 1915 3549 eonsu-

369 3600 463 3666 puem
496 3582 588 3641 intra
619 3581 873 3656 quadriennium
901 3584 1114 3663 imperatores
1172 3585 1289 3651 latibus
1307 3586 1393 3653 vus.
1412 3598 1446 3648 ct
1462 3585 1517 3648 IX.
1541 3603 1714 3649 censoretu
1737 3585 1911 3671 appellant,

371 3681 527 3743 Caesares
542 3682 750 3759 Vespasiani,
764 3680 1026 3763 pascrfiliusque
1042 3706 1114 3749 cer.-
1171 3688 1231 3751 aad
1255 3685 1341 3750 istud
1365 3685 1499 3750 honoris
1522 3699 1644 3751 tantuna
1665 3707 1777 3765 causa,
1811 3700 1849 3751 ut
1874 3687 1911 3764 l»,

370 3800 460 3841 sores
477 3792 624 3857 egerunt.
647 3779 760 3857 Numi,
782 3780 810 3843 ai
825 3779 931 3846 editos
948 3785 1113 3868 catalogos
1171 3787 1324 3856 Vitellius
1350 3787 1447 3851 etiam
1474 3787 1510 3849 in
1535 3789 1641 3855 numia
1670 3802 1745 3874 post
1770 3800 1910 3857 nom

370 3892 515 3961 spectes,
533 3878 656 3943 sariam
670 3880 741 3961 ejus
757 3900 914 3950 censurae
929 3905 1003 3951 cuns
1019 3908 1114 3953 axor-
1170 3889 1256 3954 cusis
1274 3907 1394 3954 censor
1412 3886 1542 3955 dicun

1010 4200 1275 4268 PRETIVM.

572 4377 693 4454 Aurei,
715 4390 749 4440 et
769 4381 918 4460 argentei

412 4614 441 4664 εἴ
463 4613 536 4687 Cap.
548 4622 574 4674 8,
678 4612 714 4686 ts)
734 4611 1063 4675 totiensnexvttt.
1168 4617 1622 4698 c31..111.p.rse.eais.ttarn
1722 4618 1910 4697 Quintil.

375 4712 478 4775 proi.
