4012 5370
225 475 270 540 aa
609 564 614 577 ι
719 543 723 553 ,
785 454 843 526 ιιι.
875 448 1205 526 ιΝτοιιινει

287 628 339 687 Dc
372 624 435 686 boc
467 624 591 706 Scarpo
626 622 759 685 Antonii
793 622 900 700 socio,
937 635 970 686 ct
1025 635 1138 684 aturas
1165 619 1308 704 denique
1334 618 1467 683 abeant.
1507 615 1624 711 Quare
1653 620 1778 682 consul·

224 728 386 791 exercitui
402 725 556 789 Africano
572 724 759 809 praelecto,
778 740 811 789 et
829 726 899 808 ejus
916 724 973 787 dc·
1029 726 1092 786 tius
1112 737 1208 808 puto,
1238 735 1275 784 ut
1297 720 1478 805 legentium
1501 716 1660 797 taedium,
1674 718 1779 785 suble·

222 831 321 913 nique
349 824 518 910 proditore
548 827 639 905 vide,
662 849 745 913 quac
771 828 910 890 diximus
927 827 970 913 'in
1029 845 1122 903 scm,
1159 825 1193 885 in
1222 825 1262 886 iis
1291 820 1609 897 commemorandis,
1647 834 1717 883 tum
1747 833 1781 884 et

222 933 328 994 numis
343 930 455 1014 gentis
473 930 635 994 Pinariae.

284 1304 469 1379 Pacuuius,
491 1301 546 1364 vet
565 1300 609 1386 Q.
624 1303 774 1383 Pacatus
790 1302 914 1389 Rufus.

286 1441 340 1505 Da
364 1420 441 1505 'hoc
473 1435 550 1504 ride
585 1414 702 1506 numos
735 1438 842 1526 gentis
870 1440 974 1507 Pacu·

222 1563 304 1610 nae.

410 1884 608 1967 Praefectus
626 1881 785 1944 incertus.

380 2051 428 2113 Μ.
459 2048 624 2112 ANTON.
656 2079 671 2096 ·
697 2078 712 2096 ·
739 2081 753 2095 ·
782 2046 973 2111 CLEOPA-

385 2149 485 2212 Tan.
524 2149 645 2229 Cupite
671 2149 793 2232 jugata
822 2151 975 2214 Antonii

384 2263 417 2310 et
439 2250 646 2328 Cleopatrae.

224 2387 237 2399 -
257 2385 270 2398 -
291 2385 305 2399 ·
326 2349 485 2411 PRAEF.
505 2349 652 2411 CLASS.
675 2346 782 2411 tt’avts
800 2371 873 2412 cum
892 2355 973 2416 velo.

224 2452 343 2515 Aac
382 2450 533 2534 (Motelli
562 2463 596 2512 et
624 2447 721 2517 Vaill.
749 2448 782 2510 in
810 2450 885 2516 iam.
907 2455 975 2515 An·

224 2556 309 2635 ton.)

588 2630 609 2670 ψ

485 2681 505 2719 fi
692 2682 712 2720 st

1029 927 1215 1004 elevandis,
1237 925 1482 989 stabiliendisve
1499 938 1620 987 tenere
1638 923 1780 999 modum,

1029 1042 1126 1114 atque
1154 1029 1240 1092 istud
1264 1044 1413 1112 satagere
1442 1040 1585 1098 tantum,
1615 1038 1672 1100 ut,
1700 1044 1780 1107 quae

1026 1145 1121 1196 certa
1139 1145 1230 1209 sunt,
1252 1149 1402 1217 quaeque
1422 1128 1529 1194 adhuc
1550 1124 1668 1204 dubia,
1688 1124 1782 1188 iutel-

1026 1231 1179 1316 ligamus.
1290 1268 1294 1275 ·

1094 1335 1212 1400 Potior
1228 1335 1453 1402 controuersia
1471 1332 1506 1396 in
1523 1329 1717 1398 definiendo
1731 1351 1782 1397 cs·

1030 1435 1099 1521 pite
1126 1437 1300 1517 muliebri,
1328 1435 1418 1523 quod
1440 1434 1576 1500 Antonii
1604 1433 1705 1519 capiti
1733 1451 1782 1496 so·

1030 1540 1154 1616 cietur,
1176 1539 1273 1624 quod
1300 1539 1453 1623 plerique
1482 1557 1556 1600 esse
1585 1538 1780 1620 Cleopatrae

1031 1640 1234 1719 existimant,
1263 1654 1295 1703 at
1320 1636 1536 1703 Mazzolcnus
1565 1636 1603 1699 in
1629 1636 1782 1700 adseren·

1025 1740 1072 1804 da
1103 1737 1238 1806 Octavia
1268 1740 1441 1808 Octaviani
1473 1758 1608 1816 sorore,
1646 1737 1782 1802 Antonii

1001 1840 1133 1905 ‘uxore
1162 1856 1249 1906 totus
1279 1856 1340 1907 est.
1378 1843 1637 1907 Controversum
1666 1840 1781 1916 etiam,

1030 1944 1124 2027 cujus
1146 1946 1187 2007 sit
1209 1956 1306 2027 caput
1324 1922 1488 2028 juvenile,
1520 1943 1611 2027 quod
1639 1941 1676 2005 in
1703 1961 1784 2004 non·

1029 2046 1129 2107 nullis
1150 2076 1154 2084 ·
1172 2045 1296 2124 numis,
1345 2045 1454 2130 primo
1493 2046 1616 2130 Oppii,
1663 2056 1782 2130 quarto

1028 2147 1191 2223 Atratini,
1236 2147 1350 2231 quinto
1384 2144 1497 2207 Bibuli
1534 2166 1610 2209 cum
1645 2142 1783 2208 Antonii

1030 2250 1136 2332 capite
1164 2251 1313 2332 jugatur,
1346 2246 1540 2324 Vaillantio,
1575 2247 1716 2333 aliisque
1746 2244 1782 2308 in

1032 2350 1265 2414 Caesarionem
1289 2353 1315 2415 1.
1339 2349 1487 2412 Caesaris
1516 2368 1558 2411 ex
1586 2349 1783 2433 Cleopatra,

1033 2453 1087 2516 vel
1109 2452 1279 2534 Antyllum
1305 2452 1443 2514 Antonii
1466 2449 1572 2514 filium
1595 2448 1783 2514 inclinanti·

1031 2552 1103 2631 bus,
1122 2553 1198 2616 dum
1215 2552 1428 2616 Maaaolenus
1445 2539 1552 2638 ipsum
1574 2553 1607 2613 in
1625 2572 1671 2615 eo
1684 2551 1783 2616 Octa·

1029 2657 1161 2721 sianum
1190 2656 1298 2734 ridet,
1329 2654 1535 2738 additumque
1563 2653 1659 2738 juxta
1685 2652 1782 2716 Octa·

286 2762 323 2820 ln
353 2758 437 2820 hanc
465 2775 639 2819 numorum
670 2756 807 2820 classem
838 2757 972 2841 copiose
1026 2759 1133 2831 uiam,
1181 2777 1264 2843 quae
1308 2756 1488 2819 Antonium
1528 2754 1701 2831 maritum,
1747 2765 1786 2817 st·

223 2860 432 2923 commentati
471 2872 546 2921 sunt
586 2860 748 2941 seguinus
779 2863 827 2942 ¹),
870 2862 974 2924 Pane·
1031 2860 1246 2925 Octavianum
1283 2858 1418 2921 fratrem
1456 2856 1603 2941 respicit.
1650 2857 1779 2918 tinas

223 2963 286 3024 lius
308 2961 357 3044 b),
379 2960 637 3042 Vaillantiusc),
663 2961 906 3045 Has-ercampus
923 2960 971 3042 d),
1030 2961 1099 3024 leni
1138 2973 1329 3045 argumenta
1367 2958 1545 3042 praecipua
1586 2971 1681 3020 suntt
1727 2956 1778 3018 Ex

213 3063 344 3146 aliique
369 3062 473 3143 pauci.
507 3061 691 3123 Novissime
714 3083 785 3125 eam
810 3065 973 3126 illustran-
1030 3063 1119 3148 ipso,
1157 3062 1280 3148 inquit,
1317 3060 1462 3146 signatae
1495 3058 1594 3143 hujus
1627 3071 1776 3123 monetae

224 3161 297 3223 dam
324 3163 467 3242 suscepit
495 3161 641 3222 cruditus
667 3162 777 3227 Abbas
803 3165 972 3227 Mazzole·
1030 3179 1181 3249 tempore
1207 3164 1378 3248 consequi,
1405 3161 1510 3246 capita
1535 3162 1619 3225 haec
1642 3161 1776 3243 Cleops·

115 3252 125 3264 ’
222 3283 283 3322 nus
309 3273 459 3324 contexta
481 3260 573 3345 larga
600 3263 846 3341 dissertatione,
875 3286 970 3348 quarn
1027 3280 1111 3328 tram
1133 3265 1264 3330 referre
1289 3286 1355 3329 non
1377 3285 1485 3349 posse.
1516 3265 1600 3326 Nam
1624 3282 1700 3326 cum
1721 3261 1776 3324 ho·

223 3361 371 3445 reperias
400 3362 433 3422 in
460 3364 531 3445 ejus
560 3363 905 3429 Animadversionibus
935 3367 970 3427 in
1022 3388 1101 3430 rum
1134 3367 1285 3431 nonnulli
1312 3367 1429 3453 signati
1457 3367 1521 3450 jam
1552 3364 1619 3428 sint
1640 3362 1775 3429 intesta

223 3485 339 3526 numos
365 3465 469 3527 musei
492 3466 600 3527 Pisani
627 3489 698 3551 pag.
717 3469 785 3532 163.
816 3470 860 3530 At
888 3489 970 3533 vero
1023 3490 1113 3532 'anno
1133 3469 1224 3536 Ἠ).
1241 3471 1323 3553 715,
1342 3469 1428 3555 quod
1444 3490 1485 3532 ex
1501 3465 1608 3531 literis
1635 3460 1774 3532 Α.Β.Γ.

223 3567 256 3627 in
276 3567 423 3630 omnibus
446 3568 496 3630 his
518 3568 722 3632 eruditorum
741 3571 970 3633 tentaminibus
1030 3569 1059 3632 Δ
1076 3570 1255 3654 colligitur,
1277 3571 1393 3655 quibus
1410 3568 1550 3634 indicari
1565 3588 1669 3632 annos
1684 3585 1776 3653 prae·

223 3667 297 3751 plus
320 3682 472 3748 conatus,
503 3692 597 3754 quam
627 3671 796 3754 profectus
825 3673 969 3757 reperio.
1028 3672 1176 3736 secturae
1210 3673 1246 3733 in
1272 3673 1409 3757 singulis
1438 3670 1617 3755 praefectis
1651 3668 1774 3745 statuit,

222 3773 260 3832 ln
282 3791 378 3832 causa
400 3784 468 3847 est,
498 3792 571 3834 curn
602 3773 690 3857 quod
717 3774 856 3836 aliorum
885 3776 971 3838 simi·

222 3868 302 3932 lium
319 3871 463 3933 subsidio
482 3872 576 3934 nobis
594 3893 675 3957 opus
695 3874 798 3939 adhuc
818 3890 884 3954 cst,
902 3891 970 3939 tum

224 3973 310 4056 quod
339 3973 378 4048 ii,
408 3973 463 4056 qui
491 3972 531 4034 ud
560 3993 620 4036 nos
650 3995 851 4057 pervenere,
884 3980 970 4042 male

223 4076 418 4158 plerumque
448 4072 487 4135 ab
515 4075 587 4136 acri
613 4077 739 4158 injuriis
762 4079 864 4141 habiti
885 4093 969 4146 suut.

223 4173 298 4268 Quo
327 4176 465 4250 iactum,
496 4188 619 4236 utnon
641 4177 740 4240 modo
763 4194 913 4243 auctores
935 4183 972 4243 hi

222 4277 309 4338 inter
330 4298 383 4353 se,
412 4297 589 4360 secumque
616 4277 695 4360 ipsis
724 4301 822 4362 saepe
848 4282 972 4345 dissen-

1028 3774 1210 3840 verisimilc
1226 3795 1292 3836 non
1309 3795 1394 3853 esse,
1409 3795 1474 3859 quo
1490 3787 1645 3856 temporo
1663 3792 1775 3858 magna

1028 3875 1197 3939 constabat
1229 3877 1368 3941 amicitia
1399 3876 1577 3939 Antonium
1615 3875 1703 3939 inter
1740 3893 1775 3937 ac

1029 3980 1220 4058 Caesarem,
1250 3993 1369 4064 agente
1394 3978 1600 4061 potissimum
1625 3977 1798 4052 orarit„

1029 4103 1182 4146 ausurum
1203 4080 1304 4145 fuisse
1325 4081 1504 4145 Antonium
1523 4078 1710 4173 posthalqita
1724 4076 1776 4153 hle·

1029 4183 1141 4266 gitima
1160 4203 1265 4247 uxore
1284 4181 1413 4267 pellicis
1430 4183 1630 4268 Cleopatrae
1649 4181 1775 4246 ruitum

1029 4304 1103 4348 cum
1128 4306 1187 4349 suo
1208 4286 1242 4346 in
1263 4284 1372 4347 numia
1393 4284 1540 4362 sociare,
1559 4304 1678 4370 meque
1704 4304 1776 4348 eam

222 4377 340 4455 tinent,
367 4379 427 4443 scd
453 4394 487 4442 et
513 4400 628 4442 corum
652 4378 785 4443 decreta
807 4382 839 4442 in
862 4385 971 4467 conjc·
1028 4407 1102 4450 cum
1140 4387 1282 4452 Antonio
1320 4386 1545 4472 conjunctam,
1586 4388 1651 4451 nisi
1691 4408 1775 4451 anno

225 4522 1766 4550 ----.---.--..-...-.................-.-,,-,,

224 4677 245 4730 F
259 4587 289 4655 ιι)
309 4584 368 4728 ὃᾶ1
384 4605 463 4729 ulqm.
479 4590 579 4662 p.106.
673 4586 996 4665 b>Num.·cist.p.68.
1089 4597 1120 4668 c)
1140 4595 1213 4653 Hist.
1230 4595 1304 4655 Ptol.
1324 4597 1399 4652 etin
1414 4597 1501 4657 Num.
1517 4599 1586 4656 sum.
1682 4599 1717 4671 d)
1736 4600 1773 4656 ud

249 4694 302 4730 am.
351 4692 431 4731 01⁸0.
756 4694 761 4705 ¹
