3998 5340
828 447 1162 525 u.uuvutu
1729 475 1775 554 ¹0

216 623 308 689 rariu
334 619 468 687 metallo
498 617 662 695 educere,
691 618 835 682 liberum
861 618 966 683 nuiria
1024 620 1122 698 tinet,
1145 640 1210 707 quo
1233 620 1308 687 loeo
1331 640 1389 687 eoa
1410 617 1613 702 describam,
1636 643 1774 689 monere

216 725 418 813 relinquent,
439 722 526 810 quud
545 720 682 807 singulis
698 722 858 804 pretium,
878 720 967 805 quod
1025 743 1091 784 non
1120 723 1302 808 negligam,
1332 725 1360 787 ai
1381 723 1437 809 qui
1459 723 1579 789 eximia
1601 739 1674 790 runt
1695 728 1776 790 rari·

217 828 414 914 plerumque
437 849 453 889 a
477 826 608 888 fortuna
627 822 767 908 pendet,
794 820 876 883 velit
893 843 969 885 con·
1026 837 1111 902 tate,
1141 837 1175 888 et
1195 837 1273 911 type
1295 824 1446 905 eruditu,
1472 847 1582 913 neque
1602 826 1699 896 facile
1723 829 1779 894 ob·

217 931 367 999 nituere.
405 925 505 1024 Quad
536 924 580 989 ad-
607 924 754 1008 singulos
779 942 897 986 numoe
925 937 970 989 at·
1026 925 1092 991 viu.
1794 921 1800 925 ’

418 1063 524 1127 Aurei
544 1062 615 1125 aine
637 1061 743 1145 cupite
764 1064 790 1128 1.
810 1061 957 1126 Caesarie
1015 1097 1031 1112 ·
1112 1096 1129 1114 ·
1176 1097 1224 1152 ,-
1305 1096 1321 1111 ·
1402 1095 1417 1114 ·
1472 1055 1479 1068 ”
1501 1064 1539 1132 C.

504 1185 581 1228 cum
602 1164 672 1247 ejue
695 1163 800 1247 capite
1304 1168 1306 1172 ’
1501 1166 1574 1234 RR.

419 1265 579 1351 Argentei
599 1266 669 1330 eine
691 1265 762 1350 ejur
784 1264 929 1350 capite·
1015 1298 1062 1316 ·v
1112 1298 1127 1316 ·
1210 1299 1224 1316 ·
1306 1299 1321 1315 ·
1404 1298 1419 1316 ·
1503 1267 1542 1333 C.

502 1389 576 1432 cum
598 1368 669 1451 ejus
690 1367 796 1451 capite

417 1469 524 1536 Aeaei
540 1473 566 1538 Ι.
588 1483 622 1534 et
639 1472 679 1535 11.
695 1469 842 1549 formae,
862 1469 898 1532 iu
917 1468 1033 1555 quibua
1052 1469 1129 1534 binc
1147 1482 1244 1554 eaput
1262 1472 1287 1536 1.
1305 1470 1420 1536 Caera-

499 1573 563 1651 rir,
581 1571 673 1636 illinc
690 1573 850 1657 Augusti,
866 1571 1020 1639 videntur
1043 1592 1116 1636 esse
1134 1572 1301 1636 commatis
1318 1593 1415 1656 pere·

499 1674 602 1758 grini,
626 1689 765 1759 euntque
821 1706 1418 1725 ·······
1501 1674 1540 1740 C.

415 1777 523 1841 denei
544 1779 600 1842 111.
624 1775 766 1854 formae,
789 1788 823 1840 et
844 1774 1003 1839 maximae

280 1881 331 1945 De
344 1879 461 1944 ,numie'
483 1879 636 1957 Graecia,
659 1892 694 1943 et
715 1877 918 1942 coloniarum
940 1889 1048 1941 actum
1069 1896 1180 1962 supra.

413 2108 468 2172 M.
496 2104 695 2172 trutws
723 2105 957 2175 BRVTVS,
981 2104 1105 2170 true.
1129 2105 1193 2184 qut
1215 2116 1250 2167 at
1280 2106 1321 2190 Q.
1354 2105 1581 2171 cAurtO.

279 2280 316 2339 ln
343 2274 474 2351 funesto
503 2274 588 2360 reip.
611 2271 761 2336 distentu
789 2273 847 2338 Cu.
870 2273 969 2337 Pom·
1024 2271 1077 2339 tir
1098 2271 1200 2350 vitae,
1231 2270 1396 2357 nullisque
1421 2287 1476 2338 aut
1500 2272 1695 2359 voluptatis,
1724 2285 1779 2336 aut

218 2379 287 2463 peji
313 2382 359 2443 tt.
384 2373 496 2463 partes
519 2389 667 2453 secutur,
693 2374 783 2459 quod
805 2375 967 2439 libertatis
1025 2374 1179 2439 avaritiae
1206 2375 1405 2458 corruptelis
1429 2375 1580 2459 pervius,
1611 2395 1776 2462 quemque

219 2481 277 2543 ille
300 2502 429 2544 canaam
451 2477 659 2558 obtenderet,
683 2492 757 2562 poet
779 2465 911 2543 cladem
925 2476 970 2541 ad
1026 2497 1125 2539 unum
1135 2508 1141 2514 v·
1151 2476 1302 2554 uirtutis,
1332 2490 1366 2540 et
1392 2478 1523 2542 bonesti
1548 2499 1645 2544 eausa
1665 2477 1707 2541 ad
1729 2479 1779 2539 in·

216 2585 410 2648 Pharsalum
439 2603 506 2647 non
534 2579 632 2645 modo
658 2579 755 2645 venia
781 2603 800 2644 a
825 2581 966 2645 Caesare
1025 2577 1253 2642 terliciendum
1270 2579 1444 2642 Caesarem
1459 2580 1664 2666 compulsum
1688 2601 1779 2645 com·

218 2685 373 2761 donnus,
408 2684 468 2749 ted
498 2683 703 2768 amplissimis
733 2682 833 2746 etiam
863 2683 968 2744 hono·-
1025 2679 1130 2744 munia
1152 2681 1281 2746 ferebat
1303 2681 1432 2765 opinio,
1461 2701 1536 2746 cum
1564 2684 1685 2748 ceteris
1709 2705 1778 2749 om·

218 2787 310 2850 ribna
338 2785 485 2851 adlectus
516 2784 604 2848 i'rtud
629 2784 727 2847 tantis
747 2784 818 2866 ejue
839 2781 967 2846 meritis
1024 2783 1119 2846 nibua
1149 2783 1212 2848 alie
1239 2784 1378 2847 fuieeent
1402 2787 1580 2868 proposita.
1617 2785 1662 2849 dt
1689 2785 1778 2850 enim

217 2885 383 2971 rependit,
398 2900 435 2949 ut
449 2887 520 2967 eju·
536 2881 710 2951 occidendi
724 2885 877 2968 princepe
892 2903 968 2945 eum
1025 2885 1163 2947 multum
1181 2907 1200 2947 a
1215 2904 1293 2950 uera
1309 2882 1405 2947 laude
1428 2884 1585 2963 detraxit,
1606 2908 1674 2950 nou
1695 2900 1776 2963 tam,

218 2990 256 3054 C.
284 2988 400 3052 Caesio
427 2999 542 3051 auctor
569 2998 666 3051 earet.
711 2987 819 3070 Atque
847 2984 968 3046 horum
1026 2984 1115 3071 qnod
1138 2984 1273 3049 decreta
1294 2984 1440 3048 Caesaris
1462 3007 1545 3051 nece
1568 2988 1642 3072 pina
1663 2988 1697 3049 in
1718 3010 1773 3072 pr·

217 3089 407 3155 recordatio
431 3086 670 3153 beneliciurum
693 3087 728 3149 in
755 3087 829 3171 ipsu
857 3084 967 3150 taedia
1025 3090 1119 3151 triam
1147 3107 1221 3151 esee
1249 3108 1316 3149 non
1346 3101 1493 3170 poterat,
1527 3090 1605 3174 quin
1636 3109 1709 3154 aere
1741 3091 1775 3153 in

217 3192 359 3259 tumultu
386 3210 540 3277 magnum
568 3188 710 3254 advertit
731 3188 880 3252 Caesarie
901 3186 969 3250 ani·
1024 3203 1194 3274 parentem
1214 3189 1352 3255 alterum
1372 3191 1603 3276 comprobaret
1619 3191 1773 3279 impium,

217 3318 326 3373 mum,
350 3295 398 3360 aie
415 3307 453 3358 ut
469 3295 573 3357 Bruto
590 3293 626 3354 in
642 3310 875 3376 percussorum
899 3299 968 3353 tur-
1025 3313 1120 3377 quam
1157 3291 1245 3378 quod
1285 3291 1454 3359 obversari
1493 3295 1602 3359 anime
1639 3293 1770 3371 debuit,

215 3401 258 3464 ba
280 3409 458 3482 auutpecte
480 3395 514 3458 in
535 3396 618 3460 haee
645 3395 746 3460 rerba
774 3413 968 3478 prorumpu-
1023 3395 1174 3459 inutilem
1195 3415 1266 3459 eam
1288 3395 1387 3475 sore,
1400 3395 1683 3485 inconsultamqne
1704 3398 1775 3483 pie·

215 3514 289 3566 retr
313 3503 517 3566 tumetium
538 3497 782 3574 Interiores,
799 3495 885 3580 fili?
906 3497 967 3558 Pa·
1023 3509 1141 3573 tatem,
1174 3494 1285 3560 multia
1317 3519 1379 3583 pru
1408 3520 1477 3562 nno
1507 3499 1544 3561 in
1575 3521 1614 3564 ee
1644 3519 1775 3563 morum

216 3616 303 3668 trntu
329 3598 507 3688 parricidio
530 3598 565 3662 iu
588 3597 790 3683 provintiam
812 3595 966 3660 Macedo·
1024 3598 1211 3684 comuptelu
1237 3599 1357 3682 paratis
1383 3600 1593 3678 Caesaribus,
1623 3614 1657 3665 et
1684 3595 1773 3688 quod

217 3706 305 3770 niam
329 3703 513 3789 profectur,
539 3720 614 3765 cum
637 3700 717 3784 lege
733 3697 835 3762 Peffia
856 3699 968 3781 conju·
1025 3713 1162 3767 eventus
1176 3699 1296 3778 docuit,
1312 3701 1414 3765 multo
1430 3702 1603 3788 superbius
1618 3702 1773 3766 aureius·

216 3805 353 3895 rationi·
383 3791 481 3870 eouiir¹
508 3802 635 3866 bellum
661 3801 820 3865 indictum
846 3801 967 3865 intelli·
1024 3824 1089 3888 qne
1110 3801 1247 3867 victoria
1268 3802 1385 3867 uturit.
1418 3804 1542 3870 Confer
1563 3803 1692 3890 insigne
1716 3806 1774 3868 Se·

218 3922 332 3996 geret,
359 3927 427 3971 non
455 3906 518 3987 jam
545 3904 628 3989 reip.
650 3904 773 3980 tulum,
800 3902 861 3967 aed
887 3922 966 3967 auae
1023 3924 1127 3969 uerae
1145 3903 1209 3969 hoc
1229 3926 1328 3990 super
1346 3921 1541 3991 argumento
1558 3906 1715 3992 judicium
1732 3909 1772 3988 ·).

220 4012 319 4077 etiam
339 4008 454 4074 salutis¹
473 4028 568 4072 cauae
589 4004 629 4070 ed
650 4005 717 4070 vim
737 4005 966 4089 repellendam
1024 4007 1068 4069 At
1082 4004 1170 4070 idem
1188 4020 1355 4073 aeternam
1373 4008 1459 4075 vitae
1478 4032 1554 4073 suae
1573 4009 1689 4073 inuasit
1708 4031 1773 4072 ma·

218 4133 416 4190 uunverrnr,
449 4130 566 4187 verum
592 4107 634 4173 ad
659 4109 830 4192 Philippus
858 4111 967 4172 Mace·
1024 4109 1149 4186 culam,
1171 4111 1299 4193 quando
1323 4128 1485 4198 concepto
1507 4112 1596 4176 vitae
1619 4110 1773 4195 abjician-

219 4215 337 4280 duniae
365 4212 407 4278 ub
435 4212 580 4275 Antonio
601 4223 636 4275 et
658 4209 839 4275 Octaviano
860 4212 965 4278 vietus
1024 4210 1086 4274 dae
1107 4210 1276 4295 proposito
1293 4212 1377 4277 illud
1393 4213 1548 4279 Herculia
1571 4215 1679 4298 palam
1698 4235 1773 4299 pro·

218 4329 360 4382 mortem
378 4314 442 4380 eibi
458 4314 530 4398 ipae
548 4311 707 4378 conscivit
727 4335 845 4376 annum
864 4334 966 4396 agenr
1025 4313 1132 4378 sersus
1152 4326 1204 4378 eet
1219 4308 1269 4397 b)=

218 4420 412 4504 septimum,
435 4429 470 4479 et
490 4414 710 4491 tricesimum,
732 4414 966 4499 integerrimae

253 4607 286 4679 a)
304 4609 348 4666 De
362 4602 491 4665 Betufic.
506 4602 540 4659 L.
551 4603 587 4661 11.
604 4615 684 4665 eto-
757 4602 792 4674 b)
811 4603 867 4663 Diu
881 4605 913 4661 t.
931 4601 1052 4664 XLVII..
1062 4624 1087 4662 c.
1102 4613 1147 4678 49.
