4012 5370
354 506 374 573 Β
886 480 1090 557 1vu1vs
1124 478 1369 558 causan.

356 668 433 746 post
468 653 637 719 victoriam
666 650 899 728 Mundensem,
933 665 1104 738 postquam
1256 736 1262 745 Ρ
1327 648 1510 724 CAESAR,
1529 648 1644 715 nter.
1665 648 1832 746 QVART.
1849 654 1912 720 Ca·

360 768 487 824 constat
513 755 594 817 nihil
621 751 722 816 fuisse
748 752 928 830 honorum,
951 774 1033 839 quos
1054 776 1104 818 se·
1322 752 1429 836 put'l.
1450 755 1605 818 Caesaris
1621 754 1710 820 laur.

359 873 459 922 natus·
474 877 540 921 non
562 855 748 939 impertiret
769 856 801 918 ei
831 854 884 918 cui
912 857 977 940 jam
1004 860 1114 920 nemo'
1161 857 1208 921 Μ.
1227 855 1438 923 METTIVS.
1467 855 1552 918 Iuno
1579 854 1716 940 Sospita
1744 860 1783 923 in
1809 861 1909 944 bigis.

359 961 419 1046 qui¹
442 962 628 1034 resisteret,
659 957 830 1040 superfuit.
858 958 1103 1022 nannenten·
1160 957 1231 1023 AR.
1251 957 1426 1042 (Morelli.)
1510 987 1523 995 ·

358 1064 436 1127 tiam
457 1064 520 1125 niu
511 1059 697 1136 malimus,
715 1078 852 1123 neeesse
872 1057 935 1121 erat
947 1072 1101 1135 statuere
1326 1059 1450 1126 CAES.
1475 1057 1561 1126 DIC.
1591 1055 1726 1150 QVAR.
1757 1061 1914 1126 Pactomc

359 1185 475 1228 numos
505 1182 618 1226 omnes
649 1160 797 1223 Caesaris
827 1160 932 1242 capite
961 1161 1106 1246 insignes
1332 1163 1517 1224 Victoriae.

359 1268 446 1329 intra
462 1266 557 1327 binos
580 1263 652 1326 fere
679 1274 802 1323 tantum
824 1281 972 1337 menses,
995 1261 1110 1346 quibus
1167 1261 1207 1326 L.
1223 1261 1377 1324 PLANC.
1392 1261 1551 1327 PRAEF.
1565 1262 1667 1331 VRB.
1687 1260 1826 1330 Guttus
1839 1265 1911 1335 AV.

359 1368 473 1434 rivere
495 1367 527 1429 ei
548 1385 610 1448 per
629 1363 717 1425 hunc
734 1382 851 1424 aunum
867 1360 977 1440 licuit,
1006 1362 1107 1424 fuisse
1166 1359 1743 1448 (MorelhlmppTab.III.n.13.)

359 1487 553 1552 pereussos,
585 1461 672 1548 qnod
698 1463 753 1526 rix
782 1463 971 1564 verisimile.
1014 1463 1109 1526 Cote-
1230 1467 1371 1529 Avernas
1382 1462 1458 1530 nde
1473 1464 1672 1550 explicatas
1662 1489 1698 1530 ιιι
1710 1488 1820 1532 numm
1837 1481 1916 1554 gen·

359 1591 433 1633 rum
448 1568 558 1632 nullus
576 1580 686 1629 certus
702 1579 806 1630 exstat
822 1555 937 1628 numus
959 1586 1032 1628 eum
1057 1585 1108 1628 cu·
1164 1567 1246 1654 tium
1263 1567 1416 1644 Mettiae,
1440 1580 1474 1631 et
1489 1569 1667 1635 Munatius.

358 1673 428 1757 pite
452 1669 615 1745 Caesaris,
649 1668 705 1752 qui
728 1667 767 1730 ad
791 1669 939 1751 priorem
963 1668 1105 1752 aliquem
1249 1674 1252 1680 “

360 1793 479 1834 annum
520 1771 623 1856 possit
661 1769 793 1833 referri.
853 1769 946 1860 Quos
981 1769 1108 1833 Medio·
1346 1771 1388 1833 V.
1411 1769 1448 1832 C.
1463 1788 1537 1849 710.
1554 1771 1603 1838 A.
1620 1771 1735 1847 Χ.44.

359 1874 479 1937 barbas
507 1873 549 1938 V.
572 1873 607 1934 C.
630 1873 693 1954 708
723 1870 866 1954 signatos
896 1886 1025 1948 censet,
1054 1870 1121 1935 aut'
1171 1868 1914 1940 00627.ΠΙΟἘΙΚᾰιίιιιίσΡΕΗΡΕΤῙῙΟ.

360 1990 436 2038 sunt
461 1972 643 2050 Goltziani,
674 1986 729 2035 aut
752 1987 849 2054 eaput
868 1970 1016 2037 Caesaris
1041 1996 1107 2036 non
1271 1969 1512 2035 PARENS
1536 1974 1767 2038 PATRIAE.

362 2075 523 2152 offerunt,
547 2087 601 2136 aut
624 2088 698 2157 post
721 2074 791 2157 ejus
817 2074 948 2137 omnino
967 2088 1107 2138 mortem

362 2177 478 2261 signati
508 2190 597 2253 sunt,
620 2189 656 2238 ut
679 2196 795 2238 numus
819 2196 891 2238 eum
912 2177 1016 2260 capite
1034 2176 1111 2240 hina
1233 2172 1308 2234 Non
1329 2170 1486 2249 adfirmo,
1517 2152 1633 2238 numos
1664 2193 1803 2254 omnes,
1833 2197 1914 2262 quus

361 2276 571 2354 LCaesaris,
602 2276 692 2339 illinc
719 2280 764 2338 Μ
794 2276 944 2354 Antonii,
977 2277 1019 2340 de
1047 2296 1111 2360 quo
1169 2274 1232 2336 hoo
1257 2273 1397 2336 articulo
1424 2294 1590 2357 propono,
1607 2275 1682 2342 vivo
1706 2275 1813 2358 adhue
1839 2281 1916 2344 Cae-

361 2379 510 2464 pluribus
532 2397 666 2461 agemus
689 2376 723 2438 in
743 2379 850 2441 numis
870 2378 965 2461 hujus
987 2377 1111 2452 Illviri,
1169 2395 1242 2437 sate
1266 2373 1365 2436 fuisse
1395 2395 1502 2440 cusos.
1545 2377 1701 2442 Tamen
1691 2400 1725 2441 ιιι
1754 2379 1844 2445 hune
1870 2380 1916 2443 lo-

363 2495 398 2543 et
415 2480 499 2543 alter
520 2478 717 2543 restitutoris
738 2478 890 2565 Traiani,
909 2477 953 2542 de
974 2499 1039 2565 quo
1064 2478 1112 2540 in·
1169 2498 1242 2540 oum
1266 2476 1420 2541 conferre
1447 2471 1587 2561 placuit,
1613 2480 1686 2565 quia
1710 2480 1795 2542 nihil
1817 2480 1852 2544 in
1878 2503 1913 2546 se

362 2584 413 2646 ira
432 2582 639 2646 disseremus.
1169 2579 1355 2657 continent,
1391 2579 1480 2664 quod
1512 2582 1659 2645 Caesaris
1694 2582 1759 2665 jam
1794 2584 1915 2647 mortui

625 2728 644 2765 4
726 2683 747 2718 ¹*
831 2728 850 2765 4
898 2757 903 2766 δ
1168 2693 1316 2763 tempora
1333 2681 1498 2764 respiciat.

547 2782 731 2847 CAESAR.
761 2784 851 2857 IMP.
880 2782 933 2846 ccl
959 2781 1110 2847 IMPER.
1187 2774 1191 2796 ¹
1237 2779 1239 2795 ²
1311 2782 1520 2850 CAESAR.
1536 2786 1620 2850 DIC.
1638 2783 1773 2881 QVAR.
1802 2790 1917 2852 Proto·
1960 2800 1965 2807 “

551 2888 658 2967 Caput
677 2887 832 2949 Caesaris
851 2884 939 2948 laur.
1336 2906 1387 2947 mc
1405 2889 1555 2951 Veneris.

365 2993 409 3053 Μ.
427 2989 636 3057 METTIVS.
665 2992 778 3051 Venus
799 2987 937 3049 Victrix
961 2985 1130 3049 atansd.
1173 2983 1268 3051 COS.
1286 2983 1443 3094 QVINQ.
1456 2987 1581 3050 intral
1580 3008 1725 3055 auream
1739 2987 1814 3060 AV.
1832 2990 1914 3055 Μιιι.

367 3093 606 3166 Victoriolcm‚
624 3112 652 3153 s.
670 3090 804 3151 hastam
828 3100 1068 3166 transversam,
1081 3099 1115 3150 ct
1172 3088 1281 3170 Caes.)

327 3190 768 3271 ‘sirnulclypeoinnititur
776 3189 996 3268 ‚quiglobo
982 3191 1114 3269 imposi-
1334 3188 1517 3256 CAESAR.
1531 3190 1654 3255 DICT.
1647 3192 1916 3276 PERPETVO.

368 3305 423 3353 tus
441 3303 502 3353 est.
520 3283 592 3354 AV.
611 3289 681 3352 AR.
696 3285 860 3369 (Morelti,
884 3289 968 3350 Mus.
983 3287 1093 3369 Caes).
1337 3291 1494 3374 Capeti.
1515 3296 1670 3360 Caesares
1682 3295 1772 3360 laur
1907 3314 1915 3321 ·

433 3392 534 3453 Teste
561 3390 669 3452 Dione
691 3400 722 3467 ·)
751 3387 897 3452 Caesaris
923 3388 1078 3452 annulo
1069 3408 1115 3450 m·
1171 3377 1351 3460 m'BVcA
1372 3395 1552 3472 Cadurcus,
1567 3401 1724 3483 ctflrscm
1737 3397 1917 3473 decussas,

368 3494 494 3577 sculpta
515 3491 577 3553 tuit
598 3492 711 3557 Venus
733 3503 871 3566 armata,
887 3502 921 3553 et
944 3503 1026 3554 teste
1050 3492 1115 3575 Ap·
1171 3497 1207 3556 in
1226 3513 1308 3557 arca
1323 3495 1511 3556 dcctcrae
1492 3510 1645 3574 Jurctac,
1664 3497 1806 3589 globus,
1825 3511 1919 3563 etse·
1958 3530 1961 3536 ·

369 3597 466 3678 piano
490 3593 523 3676 ιι)
551 3594 671 3657 Caesar
693 3605 768 3656 ante
792 3612 933 3676 pugnam
953 3592 1115 3656 Pharsali·
1172 3597 1309 3677 cespita.
1331 3596 1405 3660 Av.
1422 3596 1492 3659 AR.
1510 3595 1688 3679 (Metelli.)

369 3716 438 3759 eam
455 3709 614 3759 tesseram
629 3693 720 3757 dedit
743 3697 902 3758 Venerem
922 3696 1113 3771 Victricem,
1335 3697 1517 3760 CAESAR.
1544 3699 1650 3780 Caput
1667 3701 1766 3762 idem.

369 3811 404 3860 et
425 3797 544 3860 iterum
562 3797 729 3861 Venerem
747 3809 820 3859 ante
840 3794 1001 3878 praelium
1020 3798 1115 3858 Μιιιι-
1169 3799 1210 3862 1..
1239 3797 1462 3866 AEMILIVS.
1491 3797 1621 3865 BVCA.
1650 3801 1782 3866 IIIVIR.
1819 3803 1917 3866 Duae

369 3898 491 3974 dense,
529 3918 603 3960 oum
633 3897 810 3977 Pompeius
843 3898 1002 3961 Pietatem
1036 3899 1113 3962 mal·
1171 3900 1328 3965 dexterae
1338 3899 1485 3977 junctae.
1506 3901 1577 3966 AR.
1593 3899 1770 3983 (Rorelli.)

370 4001 418 4063 lot
435 4004 476 4080 c).
504 3998 568 4062 Hie
596 3984 737 4065 Veneris
762 3996 915 4066 Victriois
937 4013 1032 4084 typus
1048 4001 1114 4064 ire·
1235 4000 1469 4094 Quamcunque
1484 4002 1540 4065 alii
1553 4003 1640 4068 huno
1657 4015 1769 4086 typum
1782 4003 1824 4068 de
1840 4023 1917 4067 con·
1953 3982 1961 3994 ’

370 4122 474 4186 quens
494 4111 544 4162 ost
562 4100 596 4159 in
612 4098 717 4159 nnmis
734 4098 780 4160 Μ.
805 4101 916 4179 nterii,
938 4114 971 4164 et
988 4103 1029 4168 1..
1044 4102 1116 4165 Μιι·
1172 4101 1283 4167 cordia
1300 4103 1445 4166 Caesaris
1462 4122 1537 4166 eum
1554 4118 1668 4168 senatu
1688 4103 1832 4189 capiant,
1850 4126 1912 4189 ego

370 4203 448 4268 natii
459 4199 570 4266 Planci
580 4200 771 4264 Illvirorum
791 4203 1000 4267 monetolium
1019 4204 1115 4286 hujus
1171 4204 1281 4289 judico
1324 4204 1537 4268 referendum
1577 4226 1636 4280 eo,
1687 4206 1785 4291 quod·
1808 4222 1916 4271 narrat

372 4305 503 4383 aetatis,
522 4304 736 4388 aliorumque.
1171 4307 1337 4392 Appianas
1352 4303 1394 4390 d),
1418 4308 1550 4389 Templa
1562 4308 1670 4370 nrulta
1685 4321 1845 4388 tanquam
1858 4312 1917 4372 dcc

630 4456 650 4493 4
735 4404 755 4443 '⁵
838 4452 857 4489 4
947 4484 951 4490 .
1172 4428 1216 4472 cx
1233 4407 1266 4473 S.
1284 4410 1319 4473 C.
1335 4410 1564 4485 dccrctasant,
1578 4420 1613 4470 ct
1627 4410 1665 4470 in
1675 4410 1916 4494 disunumc'psi

414 4735 444 4803 a)
464 4732 497 4792 1..
512 4730 613 4790 XLIIL
629 4736 713 4806 §.aa
769 4732 804 4802 b)
817 4731 890 4789 Bell.
905 4733 960 4792 civ.
976 4733 1008 4791 1..
1023 4735 1060 4792 11.
1076 4737 1159 4798 ωδ.
1216 4736 1246 4807 c)
1261 4733 1336 4791 ibid.
1352 4753 1377 4792 e.
1392 4743 1453 4795 tot.
1509 4731 1917 4806 d>nett.etv.1.11.e.1on.
