4012 5370
240 460 311 541 tot

239 616 328 677 striae
341 612 443 696 Libya
455 613 555 677 luisse
572 621 740 686 venatum,
760 621 872 674 narrat
888 608 989 674 Athe·

236 729 336 781 naeus
358 719 398 797 ⁸).

600 815 619 852 a

479 860 500 899 e

376 922 421 981 Vt
435 915 545 979 titel.

244 1019 486 1088 ADVENTVI.
530 1016 632 1086 AvG.
677 1014 981 1081 tttceootttte

234 1128 268 1190 S.
290 1125 326 1186 C.
345 1125 422 1185 Ara
435 1125 563 1205 ignita,
592 1121 672 1182 ltiac
693 1126 874 1203 imperator
892 1137 984 1203 togas

233 1241 290 1289 tus
305 1238 410 1298 stans,
427 1225 505 1285 inde
515 1225 633 1304 genius
646 1222 866 1284 Macedoniae
878 1224 983 1304 pilea·

233 1342 289 1389 tus
305 1329 477 1389 succincta
492 1335 581 1385 veste
595 1324 625 1386 ti.
636 1335 803 1403 pateram,
829 1345 855 1384 s.
857 1324 981 1409 flagel-

234 1430 324 1504 lum,
343 1448 402 1506 pro
415 1425 555 1508 pedibus
569 1426 716 1486 victima.
727 1424 797 1491 ΑΕ.
811 1427 836 1491 l.
852 1426 983 1511 (Vaill.)

231 1532 301 1592 ΔΕ.
319 1530 357 1590 ΙΙ.
376 1530 475 1609 (Mus.
492 1525 601 1607 Caes.)

375 1633 421 1690 Vt
438 1630 492 1694 tit.
508 1629 551 1694 tt.

232 1732 549 1799 RESTITVTORI.
566 1730 872 1798 MACEDONIAE.
891 1734 923 1798 S.
942 1734 980 1800 C.

231 1838 418 1919 Imperator
438 1849 573 1917 togatus
577 1831 728 1918 figuram
745 1854 833 1917 gerru
843 1837 984 1920 flecten-

229 1956 296 1999 tem
314 1938 496 2020 pileatum,
524 1947 558 1996 et
573 1958 599 1997 s.
612 1936 795 2021 flagellum
820 1950 983 2001 terrentem

230 2040 391 2102 sttbleuat.
418 2038 487 2101 AB.
505 2038 528 2100 l.
547 2040 647 2119 (Mus.
659 2038 767 2119 Caes.)

274 2141 349 2231 Quo
368 2153 518 2222 tempore
540 2140 573 2201 iu
593 2140 817 2202 Macedoniam
840 2142 979 2218 tenerit,

231 2244 492 2324 incompertum
537 2242 717 2305 verisimile
746 2256 839 2320 tum,
883 2264 981 2327 quan·

230 2343 273 2405 ‹lo
309 2343 413 2405 altero
449 2342 580 2424 imperii
607 2365 692 2406 auno
721 2364 783 2424 per
812 2344 979 2426 Illyricum

229 2446 369 2506 Romam
392 2462 434 2504 ex
457 2443 597 2506 Oriente
616 2444 717 2511 venit.
761 2444 889 2508 Pileum
910 2446 980 2512 rul-

229 2547 294 2631 gati
312 2546 345 2607 in
364 2546 424 2608 hac
442 2546 580 2629 regione
599 2548 700 2610 moris
716 2547 855 2612 vidimus
869 2549 902 2611 in
921 2571 979 2611 nu·

227 2650 288 2711 mis
314 2670 431 2733 regum
453 2648 684 2727 Macedoniae,
715 2664 784 2713 tum
809 2666 843 2715 et
867 2653 900 2714 in
923 2653 979 2716 de-

226 2752 326 2814 nariis
336 2754 373 2815 C.
384 2750 537 2826 Antonii,
560 2765 593 2814 et
609 2751 714 2834 gentis
730 2754 894 2820 Plautiae.
905 2758 978 2837 ‚Ve-

226 2876 300 2915 rum
324 2853 424 2915 additi
448 2853 574 2936 {lagelli
597 2874 727 2943 causatu
747 2856 904 2921 hacteuus
925 2882 977 2924 re·

225 2959 337 3040 perire
355 2978 421 3019 non
437 2956 541 3040 potui.

593 3061 612 3096 Ἰ

720 861 740 897 ἢ

469 3108 487 3143 f

373 3166 418 3222 Vt
435 3162 490 3225 lit.
506 3163 548 3225 H.

224 3263 529 3328 tttvttetttttt.
549 3264 584 3330 S.
600 3264 636 3329 C.
666 3268 812 3331 Maurus
827 3281 922 3332 stans
941 3273 973 3335 tl.

224 3369 374 3442 hastam,
399 3390 425 3430 s.
441 3387 558 3443 equum
569 3369 673 3452 freno
696 3375 829 3436 retinet.
858 3371 928 3436 AF..
947 3373 973 3438 l.

223 3471 264 3533 ll.
281 3472 379 3551 (Mus.
395 3472 505 3552 Caes).

367 3577 421 3635 Vr.
442 3577 493 3636 tit.
509 3574 552 3635 H.

220 3676 463 3739 ADVENTVI.
501 3674 603 3741 AVG.
636 3674 971 3742 Mtvtttettttttte,

222 3778 256 3840 S.
275 3778 312 3842 C.
334 3780 425 3853 Ara,
454 3779 533 3839 liae
552 3781 734 3857 imperator
748 3792 859 3855 stans,
894 3783 972 3843 iude

222 3882 442 3941 Mauretania
457 3881 488 3943 ti.
503 3893 666 3956 pateram,
683 3904 709 3945 s.
723 3883 896 3959 vexillum,
910 3904 970 3963 pro

168 4036 171 4043 .
217 3984 357 4065 pedibus
374 3985 524 4045 victima.
548 3983 933 4067 AE.l.ll.(Mus.Caes.)

360 4088 405 4145 Vt
422 4084 476 4146 tit.
496 4086 537 4148 H.

220 4186 482 4252 EXERCITVS.
505 4188 864 4257 atavttETAtttcvs.
878 4193 913 4257 S.
933 4192 969 4255 C.

219 4290 406 4370 Imperator
422 4311 519 4368 eques
536 4294 660 4354 milites
678 4297 878 4374 adloquitur.
900 4295 971 4359 ΑΕ.

218 4390 243 4453 l.
258 4392 357 4471 (Mus.
371 4393 480 4473 Caes.)

255 4606 286 4675 ἃ)
308 4605 339 4660 ¹1·
359 4607 422 4665 XV·
443 4628 472 4683 p.
495 4630 532 4667 m.
553 4614 616 4674 ott.

222 4701 251 4759 οἳ
274 4696 356 4753 ltletu
379 4720 444 4776 rap,
470 4714 496 4760 ἵ.

733 4613 767 4683 a>
788 4613 819 4671 s.
839 4613 961 4671 axvttt
980 4615 1059 4686 §.sa

831 434 1204 514 HADRIANVS.

1043 609 1790 781 sssssiiitiai‘usvaastussss

1043 812 1229 895 Imperator
1236 816 1411 879 sublevans
1415 812 1567 899 figuram
1580 816 1789 897 procumben·

1042 925 1119 977 tem.
1165 916 1220 981 Sic
1243 937 1376 981 numum
1404 914 1563 981 describit
1587 913 1787 985 Vsittmtiu.
1818 938 1822 949 ·

1042 1015 1113 1080 ΑΕ.
1129 1018 1153 1079 l.

1084 1120 1200 1201 Neque
1217 1118 1259 1183 de
1276 1132 1443 1204 tempure,
1474 1140 1540 1208 quo
1555 1110 1788 1186 Mauretaniam

1041 1220 1122 1285 vidit
1143 1222 1349 1300 Hadrianus,
1392 1222 1480 1287 aliud
1501 1235 1640 1308 praeter
1662 1224 1787 1307 conjec-

1042 1335 1131 1386 turas
1148 1323 1316 1391 habemus.
1364 1324 1417 1389 De
1439 1325 1565 1396 Mauris
1588 1326 1788 1409 Spartianus:

1046 1426 1164 1489 Motus
1178 1427 1380 1489 tilaurorum
1405 1430 1620 1511 compressit,
1659 1440 1695 1490 et
1711 1448 1788 1491 ase·

1040 1541 1124 1589 natu
1151 1528 1411 1609 supplicationes
1436 1532 1592 1593 emeruit.
1637 1528 1786 1613 Spectato

1041 1627 1156 1690 ordine
1169 1674 1188 1705 ‚³
1205 1647 1269 1711 quo
1287 1626 1374 1689 istud
1389 1642 1515 1704 narrat,
1549 1626 1585 1691 it
1608 1629 1731 1695 iactum
1743 1640 1788 1695 est

1041 1730 1101 1794 sub
1119 1730 1244 1793 initium
1271 1730 1341 1812 ejus
1365 1730 1684 1816 peregrinationum.
1712 1732 1786 1797 Cau·

1042 1855 1075 1895 sa
1107 1847 1213 1895 motus
1247 1852 1310 1916 per
1338 1831 1474 1895 Lusium
1503 1831 1667 1927 Quietum
1692 1834 1784 1910 illata,

1040 1934 1146 2001 sirum
1176 1936 1211 1996 iu
1246 1932 1530 2018 praestantissimis
1567 1936 1643 2019 ejus
1677 1938 1781 2003 aetam

1039 2035 1287 2101 numerandum.
1337 2036 1447 2100 Patria
1476 2038 1615 2100 Maurus
1642 2038 1678 2101 iu
1705 2054 1784 2103 utro·

1040 2157 1103 2221 que
1119 2138 1225 2200 bello
1250 2138 1375 2203 Dacico
1406 2158 1480 2202 euru
1510 2158 1570 2201 sue
1603 2142 1783 2207 Maurum

1040 2239 1185 2324 equitatu
1211 2241 1359 2323 'egregia
1392 2238 1497 2304 edidit
1526 2240 1687 2308 facinora.
1704 2272 1710 2289 ·
1725 2244 1783 2312 Ve-

1039 2355 1146 2404 terem
1168 2363 1260 2405 suam
1290 2341 1430 2425 gloriam
1459 2326 1509 2403 in‘
1522 2334 1617 2407 bello
1637 2344 1783 2411 emmiu

1038 2443 1088 2507 sic
1104 2443 1272 2528 prorexit,
1293 2457 1328 2507 ut
1342 2444 1375 2505 iu
1395 2444 1593 2507 meritorum
1607 2448 1780 2531 praemium

1037 2569 1056 2610 a
1080 2546 1220 2629 Trajano
1248 2558 1433 2628 praeturam
1456 2547 1620 2631 primum,
1650 2570 1690 2615 ac
1704 2570 1781 2615 etta·

1039 2648 1179 2710 sulatum
1197 2647 1360 2725 auferret,
1374 2668 1411 2711 ae
1428 2648 1574 2733 denique
1589 2652 1780 2736 provinciam

1035 2751 1266 2828 Palaestinam,
1310 2770 1375 2834 quo
1405 2752 1440 2831 iu
1469 2772 1612 2817 munere
1646 2754 1779 2821 Judaeet

1036 2852 1182 2916 rebelles
1210 2852 1251 2917 ad
1281 2852 1475 2937 obsequium
1503 2854 1652 2925 reduxit.
1694 2860 1780 2923 Haec

1035 2952 1231 3039 compendio
1252 2955 1462 3041 persequitur
1486 2956 1554 3019 Dio
1570 2956 1616 3044 b).
1645 2960 1682 3023 Si
1703 2960 1776 3025 filet

1034 3058 1235 3135 Themistio,
1280 3080 1356 3121 eum
1379 3060 1557 3143 Trajauus,
1610 3064 1677 3126 etsi
1696 3076 1777 3127 extra

1033 3161 1163 3243 imperii
1185 3161 1324 3225 Romani
1345 3160 1426 3225 fines
1446 3177 1542 3226 uatus
1564 3179 1678 3242 esset,
1715 3184 1777 3229 suo-

1033 3284 1201 3327 cessorem
1223 3265 1285 3326 sibi
1307 3264 1481 3330 destinarit
1496 3267 1538 3346 ο).
1575 3266 1631 3331 Ab
1649 3266 1773 3333 Hadria-

1032 3387 1075 3428 no
1101 3366 1142 3429 ad
1163 3365 1330 3451 regendos
1351 3370 1485 3429 Mauros
1506 3370 1702 3447 translatus,
1729 3388 1774 3431 or

1032 3482 1067 3531 te
1084 3467 1123 3531 ab
1138 3470 1189 3531 bis
1209 3470 1365 3545 tumultu,
1395 3468 1488 3550 eujus
1502 3468 1596 3553 ipse,
1635 3486 1673 3535 ut
1685 3472 1775 3556 impt-

1031 3571 1116 3633 rium
1136 3570 1169 3631 in
1194 3591 1230 3633 se
1253 3570 1467 3648 transferret,
1497 3586 1617 3637 auctor
1643 3588 1693 3637 est
1712 3592 1775 3637 ere·

1032 3673 1142 3750 ditus,
1172 3674 1380 3759 imperatoris
1399 3673 1491 3759 jussu
1520 3688 1707 3739 exarmatus
1729 3686 1775 3739 est

1031 3776 1130 3839 misso
1153 3776 1194 3841 ad
1221 3777 1384 3842 sedandos
1400 3778 1535 3841 mures
1554 3778 1683 3843 Marcio
1699 3778 1773 3841 Tur·

1028 3880 1115 3943 bone
1132 3878 1182 3957 d),
1202 3879 1343 3965 deniquo
1358 3878 1392 3941 in
1409 3878 1531 3945 itinere
1546 3880 1619 3945 sire
1641 3892 1770 3953 senatur.

1029 3984 1098 4046 sire
1112 3983 1215 4067 ipsius
1227 3982 1385 4047 Hadriani
1402 3982 1492 4065 jussu
1508 3982 1639 4047 naeuus
1654 3996 1704 4047 est
1717 3988 1753 4057 ε).

1070 4090 1204 4150 Maurus
1229 4106 1350 4171 equum
1375 4085 1500 4150 ducens
1520 4088 1678 4171 proprius
1701 4102 1769 4169 qsa-

1030 4190 1071 4253 tis
1107 4204 1213 4273 typus.
1264 4190 1458 4255 Maurorum
1501 4188 1666 4273 equitatus
1702 4185 1770 4251 mti·

1032 4313 1114 4379 quae
1139 4292 1244 4356 famae
1268 4310 1352 4354 cum·
1368 4302 1508 4374 propter
1537 4309 1699 4383 equorum
1722 4308 1768 4353 ex·

1030 4394 1232 4469 cellantiam,
1273 4408 1342 4457 tum
1366 4392 1474 4479 gentis
1498 4390 1603 4479 ipsius
1625 4392 1763 4459 studium.

1184 4614 1215 4683 e)
1237 4612 1313 4669 Orat
1330 4610 1407 4671 xvt.
1520 4612 1558 4685 d)
1578 4612 1676 4693 Spart.
1695 4618 1758 4670 es
