4012 5370
223 496 275 605 pfl
836 502 1165 580 Avoverve

228 695 304 740 num
327 670 425 738 Genii
445 682 516 738 erat
538 670 657 737 bononi
683 670 816 757 imperii
830 670 881 737 sui
896 691 974 737 con·

213 779 350 964 ‘iniere'
368 874 518 941 GENIO.
527 875 564 938 P.
572 875 613 938 R.
632 875 741 959 Caput
747 874 896 955 juvenile
911 878 972 937 im·

369 979 480 1051 derbe,
498 978 601 1054 juxta
617 977 846 1057 cornucopiue.

221 1080 379 1144 mittut.
402 1075 585 1148 vntum.
617 1078 719 1141 Mars
735 1077 913 1159 gradiens,
935 1087 974 1140 ut

225 1168 337 1264 iupra.
360 1182 432 1243 AR.
561 1256 563 1260 λ

225 1292 228 1297 ·
290 1285 536 1365 Havercampns
567 1279 601 1343 in
628 1278 692 1344 hoo
720 1290 817 1362 capnt
836 1276 976 1363 Augusti

226 1384 390 1468 agnoscit,
433 1383 489 1467 qui
524 1393 828 1465 repraesentaretur
864 1380 975 1462 specie

226 1485 327 1548 Genii
349 1485 387 1551 P.
407 1486 448 1548 R.
483 1486 528 1547 Et
549 1503 627 1547 sane
649 1482 845 1545 lineamenta
867 1482 975 1544 omnin

228 1589 413 1671 Augustum
434 1587 587 1669 produnt.
620 1584 727 1645 Simili
749 1583 840 1646 cultu
860 1582 974 1659 Genii,

228 1702 264 1752 et
293 1709 368 1751 cnm
401 1689 516 1752 eadem
547 1686 763 1770 inscriptione
792 1684 973 1751 videbimus

226 1789 326 1855 etiam
343 1789 489 1854 effictum
504 1791 538 1851 in
558 1788 664 1850 numis
682 1787 828 1851 Galbam.

280 1956 285 1963 ,
369 1891 520 1957 SALVS.
550 1890 753 1954 GENERIS.
785 1888 972 1958 IIVMANI.

365 1996 520 2055 Victoria
535 1993 635 2073 globo
652 1995 819 2052 insistens.

222 2092 366 2159 SIGNA.
382 2094 420 2158 P.
441 2094 481 2155 R.
519 2095 645 2154 Eadem
666 2093 764 2174 signa
786 2110 861 2154 cum
890 2112 971 2171 ara,

224 2207 264 2255 ut
278 2197 315 2256 in
324 2195 504 2274 prioribus.
526 2195 598 2257 AR.

288 2292 414 2355 Eadem
429 2293 533 2357 antica
549 2293 582 2355 in
601 2289 701 2357 certis
714 2291 853 2376 Augusti
867 2294 972 2356 numis

222 2415 372 2460 aversam
399 2393 493 2473 facit,
524 2408 559 2456 ut
578 2394 703 2477 patebit
725 2416 767 2459 ex
789 2396 896 2457 numis
918 2418 973 2459 an·

161 2510 166 2516 '
224 2497 260 2557 ni
282 2496 325 2565 V.
344 2496 380 2559 (ἓ.
403 2506 477 2578 74⁹.
531 2493 642 2587 Quare
673 2496 716 2560 de
742 2508 846 2560 aetate
876 2496 971 2578 hujus

222 2597 336 2672 numi,
374 2609 408 2658 et
436 2618 535 2660 sensu
561 2620 695 2664 aversae
729 2612 843 2664 contra
863 2598 974 2663 Pelle·

223 2699 345 2761 rinium
373 2697 513 2763 dubitari
543 2702 674 2785 nequit,
704 2715 753 2778 et,
783 2714 819 2763 ut
840 2701 969 2778 monui,

223 2801 401 2877 docemur,
451 2802 675 2886 Augustorum
713 2816 837 2866 notatae
872 2802 970 2866 etiam

223 2925 340 2966 numos
368 2902 490 2989 absque
522 2904 640 2967 horum
668 2918 722 2968 aut
753 2898 876 2989 capite,
916 2919 971 2969 aut

224 3004 424 3088 epigraphe,
462 3006 544 3069 etsi
566 3006 609 3069 ita
632 3007 724 3091 loqui
746 3007 794 3070 ias
816 3021 883 3084 cst,
916 3031 970 3071 an-

222 3120 374 3168 tonomos
396 3107 537 3189 signatos
559 3108 669 3170 fuisse.
695 3109 823 3170 Horum
845 3109 970 3172 similes

224 3209 341 3291 plures
373 3205 519 3270 dabimus
546 3207 580 3268 in
609 3222 740 3272 moneta
761 3207 902 3287 Galbae,
933 3223 969 3274 ct

228 3308 367 3378 Vitellii.

486 3437 506 3475 s
590 3390 611 3428 ⁴
694 3439 714 3478 e

285 3512 473 3596 Sequuntur
492 3509 582 3571 numi
607 3524 720 3596 captae
743 3509 862 3580 eodem
887 3525 968 3579 tem.

223 3608 305 3699 pore
323 3612 500 3677 Armeniae
518 3625 631 3680 testes.

357 3713 605 3783 AVGVSTVS.
632 3716 740 3800 Caput
755 3720 889 3781 nudum.

223 3816 437 3881 annuum.
454 3816 610 3883 CAPTA.
631 3817 771 3902 Sphinx.
788 3820 966 3906 (Nouelli.)

326 3924 329 3929 ’
365 3918 492 3980 Eadem
510 3920 659 3982 aduersu.

1031 673 1175 735 cultrum
1200 674 1239 735 in
1255 673 1350 735 tauri
1375 669 1522 751 iacentis
1540 670 1702 755 jugulum
1728 670 1777 735 ὦ

1030 772 1512 855 ιωωηωηωη

1170 874 1211 937 L.
1231 871 1482 966 AQVILLIVS.
1504 871 1700 945 FLORVS.
1718 874 1777 937 'lll-

1171 978 1257 1043 VIR.
1276 980 1384 1058 Caput
1396 976 1559 1038 muliebre
1571 976 1762 1065 gutiarum..

1031 1078 1214 1141 CAESAR.
1256 1077 1362 1145 DIVI.
1400 1076 1441 1142 F.
1472 1074 1612 1139 ARME-
1656 1076 1776 1145 cm.

1033 1183 1199 1243 Armenia
1212 1180 1392 1265 genapium
1400 1183 1569 1263 porrectis
1582 1178 1776 1263 suppliciter

1035 1283 1196 1344 manibus.
1218 1282 1289 1347 AR.
1306 1283 1406 1364 (Mus.
1423 1278 1535 1362 Caes.)

1098 1385 1179 1446 Alii
1198 1384 1345 1459 similes,
1366 1385 1425 1446 sed
1442 1402 1517 1445 curn
1533 1386 1704 1446 mentione
1723 1384 1777 1445 ms

1031 1488 1140 1547 tronii
1156 1485 1345 1569 Turpiliani
1360 1484 1493 1550 titur-t.

1095 1582 1220 1646 Tiberii
1246 1585 1280 1646 in
1310 1586 1498 1649 Armeniam
1528 1584 1595 1649 hoc
1623 1604 1710 1650 auno
1730 1578 1777 1649 'ei

1032 1684 1124 1768 Syria
1157 1686 1197 1748 ab
1221 1687 1369 1771 Augusto
1399 1687 1488 1750 missi
1512 1684 1773 1772 expeditionem,

1031 1799 1067 1848 ut
1091 1786 1186 1869 pulso
1210 1789 1390 1853 Artavasde
1421 1810 1492 1852 eam
1521 1789 1620 1851 iratri
1644 1786 1775 1873 Tigrani

1030 1888 1216 1968 adsereret,
1260 1888 1368 1953 obiter
1409 1889 1539 1975 attingit
1567 1890 1636 1953 Dio
1658 1892 1707 1973 ¹),
1742 1880 1775 1953 'el
1804 1946 1807 1951 .

1030 1991 1161 2054 Tacitus
1186 1989 1229 2072 ¹¹).
1259 1990 1376 2074 Aptius
1394 1991 1444 2083 ,ad
1472 1992 1534 2055 hos
1560 1990 1774 2059 numos·Vel²

1029 2090 1114 2154 leius
1131 2094 1175 2175 ο);
1193 2092 1345 2157 Tiberius
1359 2114 1434 2157 cum
1450 2094 1643 2179 legionibus
1655 2099 1775 2179 ingrei-

1029 2214 1089 2258 sus
1104 2196 1302 2257 Armeniam
1314 2197 1504 2259 redactura
1521 2200 1559 2259 in
1574 2190 1772 2283 potestatem

1031 2296 1068 2356 P.
1085 2295 1125 2358 tt.
1142 2314 1279 2377 regnum
1290 2296 1361 2374 ejus
1375 2296 1567 2359 Artauasdi
1584 2296 1773 2383 (legendum

1035 2395 1195 2477 Tigrani)
1231 2397 1341 2472 actis,
1378 2410 1414 2459 et
1442 2395 1621 2461 Suetonius
1633 2394 1688 2481 ⁴¹),-
1717 2396 1771 2463 cttl

1030 2511 1158 2579 tempus
1193 2515 1260 2559 non
1285 2495 1398 2561 addatt
1431 2502 1555 2563 Partiri
1585 2520 1716 2581 quoque
1740 2498 1772 2565 it

1029 2599 1231 2661 Armeniam
1257 2600 1446 2663 uindicanti
1461 2602 1577 2686 facile
1598 2612 1768 2664 cesserunt.

1090 2699 1265 2762 Rationem
1288 2711 1411 2763 certam
1424 2719 1491 2763 non
1512 2696 1695 2780 habemns,
1711 2704 1769 2785 quo

1028 2798 1128 2863 inodo
1152 2800 1293 2886 Sphinx,
1318 2813 1413 2883 typus
1442 2800 1535 2865 numi
1557 2802 1676 2887 primi,
1702 2802 1769 2865 cuni

1028 2902 1184 2965 Armenia
1203 2916 1433 2980 connectatur,
1465 2900 1627 2968 ettamen
1641 2920 1768 2968 numum

1027 3001 1113 3067 hunc
1123 3024 1239 3068 revera
1254 3000 1410 3082 existere,
1431 3004 1576 3070 dubitari
1590 3005 1645 3072 six
1657 3018 1769 3091 potest,

1027 3124 1102 3169 cnm
1127 3106 1301 3169 Moreltius
1322 3104 1431 3169 addita
1448 3105 1512 3169 lilii
1527 3120 1604 3170 note
1627 3116 1769 3187 monent,

1026 3226 1103 3272 eum
1121 3205 1265 3271 existere
1284 3208 1319 3268 in
1334 3228 1449 3273 museo
1471 3208 1564 3293 regis
1582 3209 1769 3289 Galliarum,

990 3334 998 3343 ·
1026 3309 1090 3373 etsi
1120 3308 1241 3394 ambigi
1272 3310 1423 3373 nonnihil
1456 3311 1564 3394 possit
1593 3312 1638 3377 sle
1668 3308 1770 3377 dumis

1025 3410 1111 3489 eliis,
1129 3432 1210 3496 quos
1227 3409 1288 3473 sibi
1304 3412 1460 3496 proponit
1477 3433 1554 3477 cum
1572 3414 1770 3503 eadem'epi·

1025 3514 1151 3597 grapho
1188 3513 1396 3576 ARMENIA'
1421 3514 1589 3594 CAPTA,
1629 3532 1666 3583 et
1696 3532 1771 3603 typo

1026 3613 1227 3697 capricorni,
1259 3614 1319 3677 sed
1342 3614 1429 3698 apud
1453 3636 1536 3701 quos
1560 3618 1668 3683 mus'ei
1685 3608 1771 3687 mebi

1024 3714 1149 3779 tionem
1180 3716 1314 3795 omittit,
1352 3736 1461 3802 neque
1492 3718 1560 3782 ulio
1593 3739 1654 3784 eos
1679 3722 1770 3799 loco,

1023 3831 1254 3902 praeterquam
1292 3817 1379 3903 apud
1418 3818 1610 3900 Goltzium,
1648 3834 1684 3887 et
1718 3824 1772 3911 q'ni

1024 3936 1101 3985 cum
1139 3919 1363 4005 exscripsere,
1394 3942 1448 3985 me
1480 3920 1598 3987 videre
1628 3928 1790 3995 memini..

221 4018 435 4086 annuum
466 4018 623 4087 CAPTA.
657 4021 758 4084 Tiara
786 4023 968 4095 Armenia·
1025 4021 1193 4115 Quidquid
1213 4022 1293 4097 erit,
1322 4035 1498 4110 utrumque
1522 4025 1645 4093 animal
1665 4028 1772 4113 posti·

222 4146 272 4203 ea,
288 4125 388 4187 binae
401 4123 589 4206 pharetrae,
604 4134 758 4189 etarous.
778 4124 850 4190 AR.
865 4127 966 4208 (Mus.
1024 4144 1099 4188 cum
1121 4126 1270 4209 Augusto
1296 4124 1398 4189 fuisse
1424 4126 1460 4189 in
1479 4125 1611 4194 deliciis
1637 4144 1773 4213 constit,

221 4227 331 4309 Caes.)
1024 4227 1262 4311 capricornum,
1277 4227 1433 4313 quoditie
1448 4228 1523 4312 ejus
1541 4246 1632 4297 esset
1643 4233 1774 4321 signum

361 4326 489 4390 Eadem
506 4329 655 4390 adversa.
1023 4328 1281 4413 genethliaoum,
1301 4329 1503 4415 Sphingem,
1522 4333 1688 4400 incertum
1704 4352 1772 4415 eut,
1814 4326 1817 4331 ¹

224 4428 438 4493 cantuum.
481 4426 638 4494 CAPTA.
685 4428 838 4491 Victoria
871 4439 967 4493 stans
1023 4443 1056 4492 at
1085 4431 1253 4496 tradidere
1280 4431 1426 4510 Plinius,
1463 4436 1660 4516 Suetonius,
1689 4440 1776 4517 nto,-

218 4606 1769 4649 *mmm

259 4672 499 4809 SMWQ
575 4729 1103 4809 Rmbouhfflm
1177 4735 1360 4813 RQ&
