3998 5340
948 475 1120 550 NERO.
1740 491 1811 581 269

259 641 307 703 dis
330 640 489 716 maribus,
518 636 715 704 effodiendis
742 640 923 719 montihus,
954 643 1002 705 in·
1121 642 1300 725 Vtriusque
1324 641 1511 726 superficiei
1529 644 1708 731 epigraphe
1728 669 1801 712 con·

256 743 340 805 suuis
364 741 637 804 substructionum
658 740 878 805 moliminibus
894 763 1001 807 reser-
1059 743 1228 806 nectenda.
1283 745 1392 824 Typus
1429 745 1566 820 iudicat,
1603 748 1664 810 hac
1700 749 1804 813 forma

257 858 358 908 taret.
412 844 495 907 Satis
524 854 746 924 compertum,
779 843 917 908 instante
938 847 1003 928 jam
1062 857 1196 906 statuum
1214 844 1315 906 fuisse
1335 846 1459 907 Neroni
1477 846 1626 929 positam.
1658 849 1805 914 Primum

256 946 416 1022 Vindice,
439 959 502 1028 quo
526 944 663 1005 maxime
687 957 836 1027 tempore
861 947 1003 1008 conseri·
1059 944 1146 1009 istud
1163 958 1213 1008 est
1229 945 1415 1027 exemplum
1439 965 1580 1010 coronae
1601 948 1806 1032 radiataeri-

251 1044 379 1108 luendus
397 1059 484 1108 esset
501 1045 609 1118 miles,
627 1043 702 1107 etin
717 1045 862 1110 rebelles
877 1047 997 1110 ducen-
1057 1049 1091 1112 vi
1119 1046 1326 1129 imperatoris
1365 1046 1460 1128 capiti
1497 1048 1692 1128 impositee,
1721 1072 1802 1133 quae

253 1148 333 1220 dus,
366 1147 538 1210 advocatos
576 1147 729 1227 quosdam
760 1168 801 1211 ex
834 1147 995 1231 patribus,
1055 1148 1174 1211 deiude
1198 1145 1415 1231 perfrequens
1434 1161 1483 1210 est
1505 1149 1539 1208 in
1559 1151 1664 1212 antica
1690 1171 1804 1214 numo·

251 1261 410 1311 transacta
436 1247 554 1325 ruptim
584 1249 804 1311 consulatione
834 1251 992 1334 reliquam
1054 1271 1127 1312 rum
1145 1249 1286 1312 Neronis
1301 1250 1343 1312 11.
1361 1247 1496 1312 formae.
1535 1253 1720 1328 l'ristanus,
1747 1252 1803 1335 qui

253 1348 318 1408 diei
339 1363 465 1429 partem
489 1369 550 1429 per
570 1369 690 1431 ergene
708 1350 895 1432 hydraulica
908 1355 995 1429 novi,
1053 1372 1186 1414 numum
1203 1350 1291 1412 hunc
1309 1349 1442 1432 copiose
1459 1351 1633 1416 illustravit
1655 1353 1707 1433 c),
1727 1371 1803 1413 ceu·
1876 1405 1879 1412 .

251 1462 285 1510 et
308 1449 411 1528 ignoti
436 1450 586 1531 generis,
631 1471 769 1535 quorum
796 1455 932 1516 formam
961 1455 995 1514 iu
1053 1467 1118 1529 set,
1143 1449 1300 1514 eddium
1339 1451 1464 1512 Neroni
1500 1472 1654 1516 coronam
1699 1451 1801 1516 radia·

251 1551 357 1610 numia
380 1551 519 1612 Neronis
546 1552 756 1615 conteruistis
784 1552 994 1632 intuebimur,
1052 1567 1135 1629 tam,
1179 1551 1267 1637 quod
1306 1552 1376 1633 ipse
1413 1552 1559 1645 Apollini
1595 1553 1799 1637 aequiparari

252 1650 523 1743 circumduxisse,
555 1654 821 1738 proluturumque
846 1678 881 1719 se
912 1659 994 1722 haec
1052 1654 1173 1728 voluit,
1205 1665 1240 1714 et
1268 1670 1385 1713 revera
1415 1653 1493 1715 huic
1511 1655 1626 1716 similis
1647 1668 1712 1718 tam
1733 1656 1800 1718 for-

251 1752 357 1814 omnia
376 1753 409 1814 iu
433 1753 596 1817 theatrum
617 1754 857 1834 adfirmavisse,
883 1764 915 1821 si
935 1782 996 1842 per
1051 1776 1105 1816 ms
1126 1754 1217 1818 velut
1238 1751 1316 1816 solia
1347 1753 1541 1832 exorientis,
1576 1776 1671 1838 quam
1698 1770 1794 1818 centu

252 1856 425 1921 Vindicem
443 1856 560 1920 liceret
575 1859 615 1937 ⁸).
650 1859 746 1919 Ares
770 1861 868 1921 Peeis
893 1860 996 1944 impe-
1046 1855 1158 1918 dietus
1180 1867 1231 1918 est
1249 1875 1271 1916 a
1303 1851 1429 1916 Seneca
1444 1853 1487 1937 d).
1530 1856 1583 1917 Ad
1603 1855 1685 1918 haec
1708 1855 1799 1938 quin·

251 1967 344 2018 rante
360 1958 509 2037 Augusto
524 1979 569 2045 ex·
583 1957 617 2019 S.
633 1957 669 2020 C.
687 1958 826 2040 primum
842 1963 996 2024 constitu·
1053 1976 1116 2039 que
1147 1954 1249 2017 millis
1282 1953 1437 2032 militnm,
1475 1976 1557 2040 quos
1590 1956 1795 2038 Augustanos

251 2069 322 2129 tae,
343 2071 464 2137 etpost
483 2057 728 2140 quadriennium
746 2059 912 2144 dedicatae
930 2084 994 2125 me.
1053 2056 1204 2133 vocabat,
1242 2054 1425 2132 constituit,
1456 2059 1512 2141 qui
1538 2059 1570 2119 ei
1599 2059 1634 2118 iu
1665 2059 1793 2120 theatro
1921 2104 1924 2108 a

252 2157 415 2220 misserunt
434 2158 664 2222 Ralendarium
681 2160 937 2241 Amiteruiuum,
961 2178 994 2226 et
1050 2159 1178 2220 canenti
1201 2155 1440 2219 adclamabautt
1470 2178 1489 2216 e
1505 2159 1656 2238 pulcrum
1675 2160 1794 2219 Caese-

251 2259 516 2336 Praenestiuum,
539 2276 572 2323 et
591 2260 728 2325 Ovidius
742 2259 786 2346 1³).
1050 2261 1139 2321 rem!
1155 2282 1174 2320 o
1192 2258 1409 2338 Apollinem!
1433 2278 1452 2316 e
1467 2277 1569 2318 unum
1588 2259 1693 2318 ueluti
1711 2257 1795 2336 Pny-

1050 2361 1181 2422 tltium!
1195 2361 1224 2442 θ)
1255 2360 1299 2419 At
1314 2378 1388 2420 uon,
1398 2357 1567 2433 existimo,
1590 2356 1714 2419 Neroni
1731 2357 1794 2419 ltoc

247 2462 287 2520 D.
401 2459 536 2524 NERO.
551 2461 733 2529 CAESAR.
746 2463 991 2534 AVGVSTVS.

396 2560 504 2637 Caput
515 2563 715 2628 laureatum.

248 2658 494 2726 AVGVSTVS.
513 2659 732 2727 AVGVSTA.
753 2667 933 2745 Augustus
946 2678 994 2726 te·

242 2775 347 2842 getes
362 2765 470 2839 cupite
482 2763 614 2821 rediete
629 2776 724 2824 utens
737 2767 768 2824 d.
779 2779 947 2845 peterem,
965 2786 992 2829 s.

249 2861 394 2935 nestum,
408 2862 464 2919 cei
480 2862 593 2920 edstet
605 2862 705 2923 Lieie
715 2864 877 2943 Anguste
886 2871 994 2944 cupite

248 2964 360 3024 veluto
377 2963 408 3020 el.
416 2973 576 3039 peterem,
592 2984 619 3024 s.
632 2964 754 3043 duplex
763 2968 992 3045 cornucopiee.

250 3061 323 3130 AV.
337 3062 408 3122 AR.
427 3062 526 3140 (Mus.
544 3063 653 3142 Caes.)

309 3166 476 3245 Augustus
494 3175 528 3223 et
543 3163 635 3226 Livia
650 3163 683 3225 in
698 3165 769 3227 aliis
784 3183 912 3247 quoque
927 3163 992 3226 Ne·

245 3265 336 3328 renis
360 3277 395 3327 et
411 3263 610 3346 Agrippinae
635 3266 739 3326 numia
762 3287 828 3327 non
854 3265 989 3327 multum

216 3365 383 3430 ..absimili
410 3365 500 3426 cultu
523 3366 582 3426 scd
609 3367 761 3430 sedentes
778 3369 811 3427 in
837 3367 990 3447 elephan-

242 3483 352 3532 torum
372 3466 536 3550 quadrigis
558 3484 796 3551 proponuntur,
813 3467 855 3532 de
873 3467 987 3552 quibus

243 3572 298 3654 egi
312 3589 408 3651 supra
425 3568 457 3626 in
474 3583 604 3631 moneta
618 3570 831 3655 Agrippinae.

241 3773 279 3834 F.
401 3768 534 3834 NERO.
564 3771 745 3840 CAESAR.
789 3775 893 3855 ceput
913 3776 985 3837 leu-

401 3888 542 3940 reatum.

238 3973 484 4043 AVGVSTVS.
512 3974 805 4042 GERldANlCVS.
840 3979 985 4060 Impere-

237 4091 290 4138 ter
311 4088 448 4156 togatus
475 4088 570 4137 stens
589 4083 696 4158 eapite
723 4084 855 4159 redieto
879 4083 909 4140 d.
930 4101 982 4139 re·

235 4198 341 4250 mum,
370 4197 395 4236 s.
415 4178 450 4235 V
446 4179 635 4240 ieteriolem
652 4203 751 4261 super
768 4184 878 4261 glebo.
908 4183 979 4250 AV.

236 4282 307 4344 AR.
324 4281 422 4359 (Mus.
438 4279 548 4362 Caes.)

273 4600 305 4670 e)
327 4597 406 4654 sust.
424 4611 500 4663 ott.

235 4689 267 4759 e)
286 4686 343 4743 Dio
360 4687 391 4744 L.
402 4688 473 4746 Lxl.
490 4695 512 4763 l.
526 4702 569 4750 20.
662 4693 688 4788 l)
707 4691 782 4747 Aen.
792 4687 855 4749 xtt.
873 4694 933 4753 tot.

180 4982 185 4999 Ι
509 5010 515 5019 t

258 5059 267 5077 ς
380 5052 386 5063 ¹
453 5036 472 5069 ι’
487 5058 501 5076 ι,
522 5046 534 5061 “’
546 5030 553 5073 1,

403 5080 431 5115 'f‘
445 5070 478 5105 d.
508 5062 557 5107 1¹3*

367 5116 375 5135 3
394 5092 557 5225 31.ωῇ

334 5212 336 5217 v
366 5163 391 5209 'r

362 5238 378 5279 ,J

619 4602 655 4675 b)
674 4597 783 4656 Fastl.
796 4611 857 4670 700.
977 4603 1007 4671 c)
1029 4600 1194 4657 Commeat.
1210 4602 1244 4657 T.
1257 4600 1277 4656 l.
1292 4619 1320 4673 p.
1334 4613 1395 4662 ctu.
1410 4665 1415 4674 ‚

1049 2458 1151 2524 decus
1166 2481 1225 2524 seu
1241 2483 1259 2523 a
1278 2460 1403 2522 formae
1422 2460 1592 2543 opinione,
1615 2478 1675 2520 seu
1706 2457 1795 2521 thea-

1049 2575 1177 2622 trorum
1206 2561 1337 2624 licentie
1360 2560 1509 2644 petitum.
1560 2560 1627 2621 Cur
1646 2559 1733 2620 euim
1760 2560 1795 2619 in

1049 2663 1173 2738 nemis,
1213 2662 1248 2722 iu
1278 2660 1394 2744 quibus
1426 2661 1484 2723 ille
1515 2661 1603 2722 omni
1632 2659 1793 2743 Apollinis

1051 2762 1232 2826 citharoedi
1260 2761 1349 2822 cultu
1371 2762 1510 2833 incedit,
1544 2760 1640 2843 hujus
1666 2760 1792 2823 formae

1051 2883 1172 2925 corona
1195 2861 1356 2925 abstinet?
1386 2862 1438 2921 An
1462 2880 1542 2924 vero
1558 2860 1654 2922 etiam
1671 2862 1793 2942 Vespe-

1052 2964 1182 3039 sienus,
1226 2961 1384 3023 Antonius
1413 2961 1510 3038 Pius,
1562 2965 1608 3022 M.
1635 2960 1791 3027 Aurelius

1048 3065 1203 3131 volebant
1232 3062 1338 3126 sideri
1365 3062 1489 3146 pulcri,
1525 3061 1791 3137 autcitharoedi,

1046 3166 1199 3252 quoniam
1219 3179 1250 3227 et
1271 3163 1305 3224 hi
1318 3165 1422 3248 capite
1437 3163 1560 3228 radiato
1580 3165 1790 3246 comparent?

1048 3282 1101 3330 sut
1139 3267 1326 3351 praeclaros
1357 3266 1434 3341 hus,
1467 3266 1654 3351 probosque
1682 3268 1792 3348 Augu·

1047 3381 1113 3430 stes
1139 3369 1281 3432 voluisse
1303 3368 1365 3431 sibi
1387 3367 1505 3445 decus,
1531 3367 1673 3441 Neroni,
1698 3368 1789 3448 cujus

1046 3469 1288 3533 detestabantur
1298 3471 1506 3544 memorium,
1523 3470 1706 3532 avilissime
1717 3489 1789 3529 ceu·

1042 3589 1079 3633 se
1099 3585 1224 3654 partem
1256 3570 1402 3637 adderet
1453 3569 1645 3632 Tenendum
1677 3569 1786 3650 igitur,

1044 3672 1205 3754 placuisse
1235 3674 1359 3736 Neroni
1395 3671 1560 3733 hominum
1599 3669 1784 3744 vanissimo,

1043 3794 1078 3836 se
1117 3774 1309 3857 quemdam.
1336 3775 1426 3837 velut
1464 3772 1562 3836 deum
1598 3795 1616 3835 a
1654 3772 1784 3855 populis

1040 3873 1170 3950 haberi,
1209 3872 1301 3959 cujus
1329 3875 1481 3949 honoris,
1516 3888 1571 3936 aut
1600 3873 1714 3937 saltem
1736 3871 1787 3933 di·

1039 3977 1134 4041 sinae
1153 3977 1341 4060 prosapiae,
1363 3992 1489 4040 certum
1512 3974 1668 4038 iudicium
1690 3995 1784 4038 coro·

1039 4100 1081 4141 ua
1108 4078 1229 4141 radiata
1258 4076 1344 4160 epud
1370 4081 1536 4147 Romanus
1563 4075 1715 4160 perinde,
1744 4096 1782 4139 ac

1039 4181 1183 4245 Graecos
1229 4179 1301 4246 fuit.
1352 4180 1407 4244 Sic
1445 4192 1593 4243 veterem
1631 4178 1781 4241 Latinum

1037 4281 1130 4346 fiuxit
1144 4282 1304 4367 Virgilius
1326 4281 1370 4366 ἧς

1481 4558 1777 4674 ¹‹hirrisprocolse
1896 4650 1949 4671 .-
