4012 5370
846 476 1197 553 manturna:
1701 504 1795 577 ‹ttt

244 644 346 706 aratio
368 642 434 705 tait
453 640 599 718 ludicra,
626 644 762 725 perinde
785 666 821 707 ae
848 661 928 713 testa
949 651 997 708 lu·
1054 663 1188 730 pontem
1215 646 1457 732 expeditionem
1481 648 1549 712 Dio
1569 649 1702 721 biennio
1725 670 1799 737 pust
1893 654 1902 670 “

245 766 331 810 anne
355 744 566 809 Antiocheno
595 745 683 808 idem
707 747 855 828 Caligula
878 768 919 810 ex
943 751 996 812 ad·
1054 763 1200 825 enarrat,
1236 766 1333 835 atque
1375 750 1438 817 etsi
1471 751 1603 829 demur,
1642 753 1796 818 omissum
1880 821 1881 824 ,

243 848 388 922 alteriia,
433 847 550 930 quibua
589 846 727 911 Galliam
768 870 915 926 omnem,
957 865 991 914 et
1049 849 1135 914 lorto
1163 873 1336 914 numerum
1367 851 1443 916 trib.
1470 855 1653 934 potestatis,
1689 869 1796 922 tamen

240 950 443 1012 Britanniam
480 950 675 1032 subegerat,
716 955 896 1032 imperator
922 973 990 1016 sae·
1048 965 1173 1016 certum
1202 968 1269 1032 eat,
1292 955 1327 1015 in
1345 954 1453 1017 numia
1470 955 1511 1019 V.
1527 955 1563 1019 C«
1580 975 1642 1036 792
1664 977 1797 1041 percus·
1881 947 1884 956 ¹

239 1052 330 1132 pina,
347 1066 384 1115 et
399 1050 636 1125 Germanicus,
657 1064 691 1113 et
707 1053 928 1116 Britannicus
939 1075 994 1138 ap·
1050 1055 1095 1117 aia
1119 1076 1281 1140 uunquam
1299 1049 1415 1120 maesse
1440 1054 1567 1117 titulum
1584 1058 1623 1124 P.
1643 1059 1700 1133 tt,
1742 1058 1798 1142 qui

240 1156 384 1238 pellatus
403 1167 454 1216 cst
477 1155 517 1234 ¹).
557 1153 624 1216 Sed
636 1154 716 1216 hacc
735 1169 910 1219 scommata
924 1179 993 1219 mo·
1049 1154 1083 1217 in
1108 1158 1225 1220 horum
1246 1179 1312 1220 non
1332 1157 1443 1241 pacoia
1463 1155 1573 1233 abeat,
1596 1171 1631 1222 et
1653 1158 1718 1222 hoo
1742 1181 1796 1222 au·

240 1270 350 1317 netum
378 1255 541 1338 publicam
561 1276 628 1318 non
650 1254 873 1340 inquinavere.
916 1259 991 1351 Quo
1048 1280 1092 1320 uo
1117 1281 1184 1322 non
1202 1260 1341 1341 amplius
1360 1259 1430 1342 ejus
1450 1257 1552 1320 titulis
1577 1258 1720 1323 additum
1737 1282 1795 1325 no·

242 1377 338 1419 sensu
388 1358 421 1418 in
451 1371 625 1440 praesento
660 1378 760 1419 numo
796 1335 991 1422 volahulum
1048 1382 1123 1422 men
1147 1361 1349 1424 Germanici.
1385 1360 1521 1422 Certum
1544 1379 1626 1443 ergo
1643 1376 1718 1439 est,
1737 1383 1794 1426 nu·

239 1457 504 1521 tttt’ttttnTott
542 1459 735 1543 accipiatur,
781 1481 847 1522 nou
877 1452 989 1544 liquet.
1048 1484 1118 1523 uros
1136 1463 1231 1544 hujus
1247 1462 1433 1545 argumenti
1450 1482 1524 1526 com
1541 1460 1637 1523 citata
1651 1460 1711 1524 hao
1725 1463 1794 1546 epi·

240 1564 273 1622 ln
304 1561 412 1624 citatis
445 1559 620 1643 Hispaniae
653 1560 758 1624 numia
783 1566 989 1646 cognominis
1046 1565 1172 1647 grapho
1194 1564 1337 1646 signatos
1358 1566 1466 1647 primo
1495 1562 1567 1647 ojus
1587 1552 1795 1646 imperii’nn·

226 1663 349 1732 ,locum
390 1662 524 1724 obtinet.
577 1664 679 1729 AVG.
718 1664 817 1746 partis
851 1686 984 1728 aversae
1042 1685 1104 1737 no,
1136 1679 1169 1725 et
1193 1663 1397 1727 hauddubie
1421 1663 1558 1726 indicari
1584 1665 1789 1742 concionem,

241 1765 311 1847 legi
331 1767 446 1847 nequit
462 1764 669 1840 AVGustur,
698 1787 771 1827 cum
796 1765 848 1827 hic
871 1768 984 1828 titulus
1040 1765 1074 1825 in
1098 1787 1160 1849 qua
1176 1764 1346 1827 adlocutus
1366 1778 1416 1826 est
1436 1764 1590 1826 cohortes
1610 1771 1790 1847 praetoria·

235 1866 298 1949 jam
339 1865 478 1928 anticam
516 1880 672 1948 occupet3
712 1887 795 1948 ergo
832 1868 982 1944 AVGur,
1040 1887 1112 1942 naa,
1141 1885 1215 1927 cum
1248 1863 1390 1947 primum
1423 1863 1638 1946 principatum
1671 1867 1789 1944 adivit,

235 1967 375 2049 perinde
396 1987 434 2030 ac
456 1967 595 2049 legimns
614 1967 647 2026 in
669 1968 776 2028 numis
791 1968 983 2050 Vespasiani
1039 1963 1281 2049 repetitumque
1299 1963 1404 2028 scrius
1426 1963 1568 2027 eundern
1584 1979 1714 2051 typum,
1730 1990 1791 2033 aaa

233 2069 399 2133 avevfl.
425 2069 528 2132 PON.
550 2068 676 2144 ΜΔΧ..
708 2069 785 2151 quin
806 2082 843 2130 et
865 2069 898 2129 in
924 2093 982 2131 nu·
1040 2067 1128 2150 quod
1149 2067 1307 2149 pleraque
1329 2087 1406 2129 anae
1420 2079 1574 2130 monetae
1595 2083 1790 2153 argumenta

233 2171 294 2232 raia
321 2171 524 2232 soccessoris
544 2168 684 2234 Claudii.
728 2168 815 2232 lstud
835 2169 870 2230 in
888 2191 982 2253 prae·
1036 2169 1187 2231 restituta
1220 2187 1457 2251 aaepenumero
1487 2182 1580 2243 aunt,
1596 2191 1669 2232 acu
1698 2170 1789 2255 quod

229 2271 379 2338 nantibus
401 2271 509 2332 numia
532 2284 625 2354 typus
652 2270 724 2332 litui
749 2284 837 2334 tanto
856 2273 980 2336 oertiua
1037 2271 1115 2332 alias
1140 2291 1270 2354 quoque
1288 2270 1443 2333 cohortes
1462 2290 1535 2331 suaa
1551 2270 1789 2334 meditataora·
1904 2268 1910 2285 '

229 2373 365 2436 stabilit.
634 2424 638 2431 ,
1037 2372 1127 2435 tione
1146 2371 1393 2446 estadlouutus,
1408 2384 1444 2432 ut
1463 2372 1668 2435 revera‘oum
1684 2372 1786 2437 luisse

494 2502 514 2537 a
598 2453 618 2490 ⁴
702 2501 722 2537 a
1032 2471 1630 2557 eloquentemnoninliciaturl'acitua
1646 2478 1688 2552 θ),
1705 2475 1785 2538 Sue·

310 2581 318 2592 '
372 2574 410 2637 C.
427 2574 609 2636 CAESAR.
631 2573 733 2638 AVG.
762 2575 978 2638 GERMANI·
1034 2573 1447 2657 roniuad),ea10sephus
1471 2575 1521 2654 ⁸),
1546 2572 1636 2656 cnjus
1661 2573 1786 2637 ridicu·

372 2675 467 2740 CVS.
492 2675 592 2737 PON.
620 2677 664 2734 Μ.
690 2667 759 2741 ΤΒ.
789 2678 892 2742 ΡΟΤ.
935 2679 977 2741 Ia
1034 2677 1102 2738 lum
1119 2675 1307 2775 exemplum
1321 2674 1475 2759 proponit
1493 2675 1559 2736 Dio
1585 2672 1624 2754 ί).
1646 2677 1697 2737 Ex
1716 2696 1783 2737 orn-

373 2779 475 2840 aliis:
504 2779 574 2840 ΤΒ.
594 2778 631 2839 Ρ.
652 2779 706 2842 111.
725 2779 778 2841 uel
795 2781 866 2842 1111.
882 2780 921 2845 P.
935 2780 974 2845 P.
1033 2777 1129 2839 tribua
1161 2777 1255 2858 hujus
1285 2775 1421 2857 generis
1457 2775 1563 2836 narnia
1587 2774 1684 2838 abest
1705 2791 1782 2840 ncta

375 2880 484 2958 Caput
501 2882 700 2945 laureatum.
1033 2879 1066 2941 8.
1080 2880 1117 2942 C.
1162 2879 1211 2938 An
1229 2875 1318 2960 quod
1335 2896 1400 2936 non
1417 2874 1551 2954 jubente
1573 2889 1701 2950 senatu,
1722 2877 1782 2940 sed

229 2978 458 3046 nnhocv'r.
475 2978 578 3041 COH.
607 2979 843 3057 Imperatoria
860 3001 977 3062 sugge-
1031 2977 1179 3063 principe
1198 2976 1346 3061 percussi
1359 2989 1451 3051 sant,
1472 2976 1529 3060 qui
1547 2977 1633 3038 inter
1652 2993 1780 3060 praeto·

228 3100 283 3146 stu
299 3098 397 3145 stans
414 3086 649 3157 dexteramque
675 3084 810 3142 tendens
831 3085 976 3160 quinque
1032 3079 1142 3142 rianos
1180 3077 1431 3166 dividerentur?
1473 3075 1537 3140 flia
1564 3077 1778 3141 adlocutionis
1814 3083 1818 3090 ’

228 3187 356 3247 militer
388 3204 463 3244 cum
483 3184 608 3260 aquilis
637 3183 809 3243 adstantes
827 3184 977 3262 adloqui·
1032 3180 1180 3244 militaria
1208 3180 1290 3242 ritus
1324 3200 1415 3243 nunc
1446 3181 1587 3264 primum
1616 3181 1777 3257 occurrit,
1854 3247 1856 3254 ,

225 3301 294 3350 tar.
315 3285 390 3349 ΑΕ.
409 3285 433 3348 l.
453 3286 550 3362 (Mna.
568 3282 661 3347 Caes.
681 3284 824 3367 Theop.)
1033 3283 1164 3367 saepius
1188 3280 1325 3346 subinde
1352 3283 1384 3343 in
1400 3281 1634 3368 imperatorum
1650 3297 1778 3347 maneta

291 3384 687 3468 Schlegeliuanumorum
703 3384 973 3448 Morcllianorum
1032 3387 1211 3452 red-iturus.
1258 3383 1501 3468 Adloqnentem
1540 3399 1609 3447 tum
1638 3385 1796 3448 tendere.

224 3490 394 3570 interpres
419 3500 551 3562 conset,
574 3500 652 3569 typo
673 3506 808 3550 auersae
833 3483 974 3568 intelligi
1033 3487 1202 3551 dexteram
1233 3485 1362 3547 solitum
1387 3484 1509 3559 fuisse,
1534 3486 1599 3566 jam
1623 3485 1776 3549 indicavit

225 3591 440 3664 concionem,
474 3608 569 3671 qoam
597 3587 708 3650 habuit
727 3587 873 3669 Caligula
897 3607 974 3650 con·
1032 3590 1151 3652 Cicero
1170 3589 1203 3648 in
1225 3584 1398 3646 Gabinium
1429 3585 1578 3647 invectus
1600 3586 1650 3663 t):
1700 3608 1773 3648 eum

224 3711 347 3755 muso
361 3703 528 3774 *suggestu
546 3689 579 3748 in
592 3688 701 3751 medio
720 3689 845 3774 pontis,
875 3707 972 3770 quem
1024 3691 1139 3770 palam
1151 3686 1266 3767 populi
1276 3685 1420 3746 Romani
1434 3686 1631 3768 imperator,
1652 3688 1773 3747 iustru-

223 3814 287 3875 per
312 3790 469 3854 stolidum
495 3790 661 3871 ingenium
684 3791 766 3852 mari
780 3789 937 3852 Puteolos
953 3812 972 3851 a
1027 3804 1081 3850 eto
1096 3788 1260 3860 exercitu,
1286 3785 1459 3848 dexteram
1480 3787 1631 3862 tendens,
1651 3807 1716 3848 nort
1730 3791 1774 3848 ad

221 3894 336 3958 Baulis
356 3891 524 3953 dirimenti
547 3892 716 3975 imposuit,
741 3891 828 3977 quod
851 3891 969 3954 sactum
1024 3890 1158 3951 laudem
1191 3886 1317 3948 milites
1337 3886 1544 3964 bertarenae,
1579 3889 1769 3951 ardomain

221 4008 333 4061 namt
356 3994 423 4055 Dio
445 3992 490 4071 l²).
532 3994 657 4062 Verum
682 4007 865 4076 repugnant
889 4006 970 4054 tem·
1025 3991 1092 4053 stoi
1109 4002 1142 4050 et
1155 3999 1263 4065 empta
1280 4000 1313 4049 et
1329 3989 1466 4050 emenda
1484 4008 1554 4051 esse
1568 3990 1735 4051 clamaret.

219 4118 312 4181 pora.
362 4095 560 4176 Complures
590 4096 624 4157 id
659 4092 763 4179 genus
791 4095 881 4156 numi
911 4092 967 4154 do·
1168 4089 1293 4150 Eadem
1310 4089 1497 4172 epigraphe.
1521 4090 1563 4150 Ia
1579 4089 1676 4152 aliis:
1697 4088 1765 4149 Til.

217 4215 317 4263 centa
337 4197 518 4281 epigraphe
536 4196 652 4278 signati
667 4211 741 4259 aunt
756 4199 789 4259 iu
806 4198 875 4279 ejus
892 4192 966 4256 trib.
1165 4189 1202 4250 P.
1221 4189 1359 4252 111.1111.
1379 4191 1486 4272 Caput
1502 4192 1637 4252 nudum.
1708 4181 1711 4192 '

220 4315 384 4385 potestate
419 4300 465 4374 L,
505 4318 586 4381 quae
629 4297 743 4360 incidit
778 4299 811 4358 in
849 4315 964 4359 annum
1013 4292 1229 4358 -VESl'A.S.
1248 4292 1283 4353 C.
1304 4294 1376 4355 Dea
1394 4288 1764 4371 sedrasdpaierams.

220 4406 262 4468 V.
284 4405 323 4469 C.
353 4423 437 4481 7qo,
466 4400 606 4464 atenim
629 4400 779 4463 stolidam
811 4399 881 4479 ejus
907 4416 967 4480 per
1025 4397 1169 4457 hastam.
1191 4394 1262 4459 ΔΕ.
1279 4395 1319 4456 11.
1337 4394 1437 4487 (Mna.
1450 4392 1558 4470 Caes.)

215 4525 1754 4564 munao—m

253 4612 286 4679 a)
306 4607 443 4683 Excerpt.
460 4607 584 4662 Peircse.
600 4627 629 4681 p.
641 4617 702 4668 005.
821 4605 856 4673 b)
877 4603 907 4657 L.
919 4602 989 4660 ΗΧ.
1006 4606 1083 4671 §.rt
1201 4602 1231 4669 c)
1252 4595 1457 4661 Arruntis.
1575 4594 1610 4667 d)
1631 4596 1706 4674 Cap.
1717 4608 1761 4660 53.

216 4704 247 4767 ε’,
270 4703 337 4754 Ant.
351 4697 415 4755 lud
435 4694 546 4751 tunt.
565 4709 621 4756 ct.
638 4699 700 4765 Μ.
812 4695 838 4764 s)
859 4697 890 4751 1..
901 4690 971 4750 LIX.
989 4695 1014 4761 ὁ.
1026 4702 1069 4762 19.
1178 4692 1211 4762 g)
1232 4686 1268 4744 de
1285 4686 1419 4743 Provinc.
1436 4705 1517 4743 cons.
1532 4694 1595 4747 cd.
