3998 5340
666 387 671 402 ⁴
762 399 1299 525 enarrarre(
1726 446 1787 517 ,vu

313 633 431 742 Opus
458 625 573 713 istud
603 608 725 710 stinul
743 624 881 709 lucem
898 624 1023 731 vidit,
1052 624 1177 708 sirntd
1202 623 1360 709 omissis
1378 624 1554 710 Occonis
1571 625 1779 737 exempla
1921 656 1923 662 '

229 766 345 852 ribus
370 764 492 864 avide
519 774 753 875 arrepurm,
781 789 997 872 unumque
1023 761 1101 844 fuit
1117 761 1161 846 in
1183 761 1374 846 manibus
1393 790 1570 878 eorum,
1591 762 1663 875 qui
1681 786 1783 846 entr-

228 902 426 986 cleandae
448 904 736 1013 *Augustorum
760 895 978 1004 historiae,
1011 911 1053 982 et
1069 898 1360 1012 chronologiae
1388 900 1559 1004 seriam,
1589 898 1781 983 solidam-

228 1062 309 1152 que
327 1064 499 1152 operam
514 1033 826 1146 impenderimt.
855 1033 912 1116 Et
936 1061 1035 1118 vero
1062 1035 1238 1147 insignia
1257 1035 1349 1122 sibi„
1364 1036 1416 1119 ad
1434 1035 1689 1146 propositum
1714 1064 1782 1120 ac-

227 1175 398 1260 cessisse
428 1169 632 1277 subsidia,
661 1171 751 1282 jure
778 1167 857 1251 sihi
883 1167 1130 1255 videbantur
1157 1201 1278 1284 posse
1305 1171 1525 1284 gratrdari,
1555 1200 1654 1257 cum
1668 1171 1782 1258 vide·

224 1325 320 1396 rent
337 1307 514 1392 Oeconis
544 1335 646 1419 opus
667 1320 753 1390 tam
774 1306 903 1412 laeta,
933 1320 976 1391 et
1004 1308 1182 1420 copiosa·
1198 1335 1423 1395 numerum
1446 1309 1682 1393 accessione
1709 1337 1782 1400 au·

224 1457 361 1553 ctum,
393 1443 793 1557 amplificatamque,
822 1471 971 1526 numos
989 1444 1100 1554 ipsos
1123 1445 1315 1551 meliore,
1345 1459 1387 1530 et
1404 1444 1534 1558 magis
1555 1447 1780 1562 conspicuo

186 1644 193 1659 .
224 1581 369 1667 ordine
386 1580 633 1694 descriptos,
663 1594 706 1666 et
735 1607 810 1693 per
830 1579 997 1663 annales
1021 1579 1256 1665 secundum
1271 1595 1481 1695 tempora,
1511 1581 1662 1694 quibus
1682 1582 1781 1667 cusi

198 1717 489 1834 ridebantur,
521 1715 770 1802 distributos.
799 1726 1057 1830 Quapropter
1074 1717 1226 1800 mirum
1244 1735 1330 1801 non
1350 1732 1426 1826 est,
1455 1733 1671 1832 perspecta
1690 1722 1778 1832 ejus

221 1856 358 1973 operis
386 1854 713 1969 opportunitate,
740 1855 963 1941 accedente
990 1862 1204 1966 praeterea
1228 1852 1492 1946 Medioharbi
1522 1855 1779 1964 auctoritate,

218 2007 264 2081 et
287 1994 522 2084 nullatenus
550 2007 739 2106 stupectt
755 1992 871 2102 fide,
886 1993 972 2107 jam
988 1991 1087 2075 inde
1113 2010 1136 2075 a
1156 2005 1219 2078 tot
1238 1992 1355 2081 annis
1373 1990 1430 2075 ad
1451 1987 1536 2076 hoc
1554 1991 1645 2107 ejus
1670 2017 1778 2105 opus

219 2131 348 2216 titisse
376 2144 668 2243 provocatum,
700 2158 932 2243 numasque
960 2128 1005 2212 in
1023 2127 1104 2212 hoe
1133 2127 1357 2242 descriptos
1373 2131 1490 2214 velut
1518 2128 1779 2242 incorruptos

219 2266 331 2353 illius
351 2267 444 2353 aevi
462 2281 588 2353 testes
607 2266 660 2350 ad
681 2267 1007 2355 confirmandam
1037 2284 1178 2350 rerum
1199 2281 1430 2379 gestarum,
1458 2279 1779 2380 temporumque

217 2403 347 2490 fidem
363 2403 535 2490 adsidue
545 2405 828 2518 compellatus
857 2404 971 2520 'Ergo
991 2385 1175 2488 cum'hic
1186 2404 1448 2490 Mediobarhi
1466 2405 1674 2517 catalogus
1692 2417 1780 2488 tam

216 2542 302 2627 late
320 2542 501 2655 porrecti
518 2543 572 2628 sit
588 2572 709 2650 usus,
740 2538 908 2629 et‘“unus
927 2542 1111 2630 maxime
1129 2543 1173 2626 in
1194 2540 1412 2627 consilium
1430 2542 1562 2625 soleat
1577 2541 1777 2648 adhiberi,

217 2677 409 2765 mearum
428 2680 474 2763 in
485 2695 702 2792 praesente
721 2681 910 2768 instituto
928 2682 1109 2794 partium
1129 2711 1229 2765 sane
1248 2691 1332 2787 est,
1362 2679 1474 2793 quod
1492 2709 1634 2764 meum
1655 2680 1708 2763 sit
1725 2681 1777 2763 de

216 2817 413 2901 universo
429 2817 513 2898 hoc
537 2844 661 2927 opere
678 2819 894 2930 judicium,
923 2820 1047 2929 lengo
1063 2818 1265 2901 edoctum
1280 2847 1365 2899 usu
1384 2816 1558 2899 candide
1577 2814 1746 2925 aperire

306 2949 431 3058 Quod
450 2977 619 3033 necesse
640 2953 880 3063 cumprimis
901 2966 983 3057 est,
1014 2977 1111 3033 cum
1139 2949 1231 3062 quis
1254 2952 1410 3060 operis,
1438 2949 1694 3060 praeclaram
1719 2952 1772 3031 ab
1865 3026 1870 3039 ‚

217 3085 308 3197 ipsa
337 3097 493 3193 aetate,
518 3099 560 3170 et
578 3085 764 3184 virorum
792 3085 1090 3172 excellentium
1115 3083 1266 3202 judicio
1288 3085 1523 3197 opinionem
1542 3085 1675 3193 nacti,
1705 3115 1774 3171 co-
1817 3077 1820 3085 ’

217 3221 331 3335 gitur
351 3221 513 3306 elevare
533 3224 843 3333 auctoritatem,
866 3225 1024 3310 solicite
1044 3250 1308 3308 commonere
1325 3225 1535 3331 lectorem,
1557 3237 1689 3338 natque
1710 3225 1774 3308 in·

218 3358 379 3465 dicare,
410 3359 511 3472 quid
534 3362 585 3445 de
602 3361 748 3447 e0·viri
768 3364 838 3446 alii
855 3392 1055 3477 magnum
1074 3364 1127 3446 ab
1147 3363 1215 3445 illa
1235 3376 1323 3446 arte
1340 3390 1506 3468 nomen,
1535 3361 1774 3475 famamque

220 3497 351 3603 nacti,
379 3510 420 3580 et
441 3497 611 3610 quidem
628 3498 672 3582 in
697 3499 886 3584 hodierni
912 3502 1005 3585 aevi
1022 3501 1176 3583 artium
1196 3498 1383 3583 omniurn
1404 3496 1656 3608 perfectione
1682 3527 1775 3581 sen·

218 3634 368 3738 serint,
399 3661 452 3715 ne
480 3634 516 3715 is
547 3636 657 3719 solus
683 3635 874 3722 videatur
899 3638 1049 3749 agnitis
1077 3637 1256 3742 dudum,
1287 3633 1566 3744 confessisque
1594 3636 1772 3718 auctoris

218 3769 414 3853 laudibus
437 3769 690 3880 obtrectare,
722 3772 833 3858 istud
862 3772 968 3855 mihi
990 3773 1038 3855 in
1066 3772 1289 3885 praesentis
1320 3769 1454 3884 operis
1481 3765 1579 3856 crisi
1606 3786 1773 3885 propter

223 3905 427 3991 creditam
446 3907 516 3990 diu
537 3909 624 4024 ejus
642 3909 933 4022 praestantiam
953 3911 1088 4016 anxie,
1113 3919 1155 3994 'et
1173 3908 1362 4023 religiose
1384 3908 1615 3993 ornandum
1640 3909 1770 3995 video.

219 4043 276 4133 Et
293 4043 428 4155 reperi
446 4038 685 4144 ὁπερασπιςην
704 4048 863 4156 virum,
893 4050 1013 4163 cujus
1039 4076 1163 4131 nemo
1189 4047 1233 4129 in
1254 4074 1300 4128 re
1328 4046 1615 4130 numismatica
1633 4074 1769 4150 usum,

218 4198 262 4266 et
281 4182 595 4295 praestantiam,
625 4185 669 4268 in
684 4185 853 4270 ferendo
869 4186 1023 4299 judicio
1045 4183 1476 4296 circumspectionem,
1507 4197 1549 4267 et
1566 4180 1769 4292 insignem
1892 4176 1895 4180 ’

219 4319 442 4401 candorem
460 4319 587 4402 animi
616 4324 743 4435 possit
767 4322 810 4405 in
837 4323 1014 4412 dubium
1035 4348 1209 4429 vocare,
1235 4320 1475 4406 Bimardum
1492 4317 1686 4431 intelligo·
1699 4320 1771 4402 ba-

217 4482 365 4541 ronem
385 4457 437 4541 de
456 4459 494 4540 la
514 4459 658 4546 Bastia.
690 4458 890 4546 Eruditus
908 4458 978 4542 hic
996 4485 1142 4543 censor
1163 4473 1433 4574 posteaquam
1458 4453 1609 4562 edixit,
1624 4448 1770 4548 ‚Occoa

219 4591 281 4676 nis
311 4595 541 4710 catalogum
567 4615 735 4712 propter
760 4598 879 4709 vitia,
903 4623 1009 4712 quae
1035 4611 1356 4707 commemorat,
1385 4596 1542 4704 nullam
1568 4597 1652 4716 jam
1667 4623 1773 4710 ,pro-
