4012 5370
228 473 285 551 nn
805 458 861 533 nt.
892 454 1234 542 aureuma·

236 634 324 720 quad
353 633 385 694 in
417 628 578 695 'Octaviae
600 626 754 692 'favorem
781 647 800 691 a
827 641 978 712 tempore

234 738 378 820 signatae
396 733 490 817 hujna
509 745 659 794 monetae
678 730 809 813 petitur.
877 784 882 791 .

240 874 242 879 ·
295 837 352 898 Ait
373 837 432 912 IL,
454 848 624 918 praetores
647 833 680 893 in
705 831 815 896 Sicilia
829 846 904 915 pcat
923 852 979 894 er·

232 951 340 1002 aetum
365 937 561 1020 Pompejum
590 933 629 996 ab
658 932 837 999 Octaviano
861 934 979 996 consti·

231 1054 318 1105 tutoa
346 1058 483 1103 ausuros
511 1058 578 1101 non
607 1036 707 1098 sumac
739 1056 813 1100 cum
835 1035 979 1099 Antonio

231 1122 358 1206 sociare
405 1141 613 1224 Cleopatram
650 1139 803 1220 neglecta
843 1137 979 1203 Octavia

228 1242 359 1329 patroni
387 1241 438 1304 aui
465 1236 593 1306 aordne.
645 1243 716 1303 Hoc
741 1240 838 1323 ipsos
867 1253 978 1303 autem

228 1360 399 1430 praetores
423 1342 675 1404 fnissesiciline
695 1342 899 1424 praefectos,
927 1364 977 1404 ar·

230 1467 333 1531 gnere
364 1446 573 1529 triquetram,
605 1464 819 1527 numumque,
854 1444 886 1503 in
910 1463 975 1527 quo

227 1548 365 1609 Bibulus
406 1546 524 1609 dieitur
563 1543 781 1607 PROConsul
815 1545 974 1607 SlCc'liue.

228 1649 348 1714 Omnia
363 1648 397 1708 in
415 1648 475 1710 hac
493 1645 638 1711 oratione
653 1645 737 1709 male
755 1644 975 1723 cohaerentia,

227 1766 297 1815 tum
320 1764 433 1835 aperte
449 1749 546 1815 ¹ialaa.
592 1744 722 1824 Trium,
749 1760 785 1809 nt
805 1747 840 1808 in
855 1747 977 1832 ‚praeli-

227 1875 270 1917 ιο
293 1854 442 1935 catalogo
464 1851 622 1926 vidimus,
662 1848 818 1911 habemus
849 1862 977 1931 praeto·

227 1974 301 2017 rum
330 1973 446 2015 numos
473 1952 632 2036 triquetra
661 1949 820 2032 insignes,
855 1950 974 2033 Oppii,

1035 627 1070 690 di
1096 625 1325 712 Pamphyliae,
1359 626 1476 712 Selgea
1497 616 1670 708 Phidiae,
1699 630 1784 713 prin·

1036 712 1146 811 cipum
1174 729 1371 794 Olbenaium
1401 729 1537 796 Ciliciae
1568 730 1657 813 reliq
1681 729 1716 794 iu
1736 722 1799 795 Sir‘

1036 831 1112 894 cilia
1133 851 1207 896 ease
1227 832 1391 916 signatos,
1408 832 1452 894 in
1472 826 1616 918 quorum
1632 832 1784 897 emnium

1035 933 1161 1011 numia,
1189 946 1225 996 ut
1255 953 1315 997 auo
1347 934 1423 997 loco
1446 932 1605 1013 diximua,
1637 933 1784 997 luculen-

1036 1045 1117 1113 tam,
1157 1047 1191 1097 et
1229 1034 1358 1099 Siculae
1395 1028 1594 1099 simillimam
1625 1034 1783 1115 babentia

1034 1136 1241 1220 triquetram.
1283 1136 1387 1215 Nori,
1426 1156 1499 1200 eam
1519 1136 1556 1200 in
1577 1136 1700 1203 siculi·
1714 1156 1783 1203 ‘ne-

1034 1250 1105 1300 tare
1127 1237 1190 1301 tria
1211 1237 1337 1300 inaulae
1354 1239 1604 1322 promontoria,
1645 1253 1679 1305 at
1697 1239 1785 1305 idem

1034 1338 1217 1421 symbolum
1245 1340 1280 1400 in
1306 1339 1442 1403 aliarum
1470 1340 1648 1425 regionum
1677 1343 1783 1407 numia

1034 1441 1122 1505 aliud
1142 1451 1258 1504 notare
1280 1454 1409 1523 potest,
1430 1462 1468 1504 ac
1489 1441 1601 1506 debet.
1636 1444 1694 1509 Sic
1716 1464 1785 1509 mo·

1033 1561 1223 1626 nogramma
1246 1542 1316 1609 XP„
1335 1542 1369 1603 in
1388 1543 1495 1605 numia
1517 1542 1690 1609 inferioris
1713 1546 1785 1628 aeni

1033 1658 1148 1706 notare
1160 1643 1342 1720 Christum,
1359 1645 1547 1708 confectum
1563 1659 1633 1725 eat,
1650 1661 1684 1712 at
1696 1649 1795 1713 idem<

1034 1744 1069 1805 in
1108 1744 1216 1808 numia
1248 1745 1516 1810 Ptolemaeorum
1535 1746 1636 1811 aliud
1660 1763 1784 1817 metm

1034 1845 1159 1910 debere
1189 1847 1261 1931 quie
1290 1845 1471 1911 dubitabit?
1508 1849 1563 1911 Ex
1593 1870 1661 1935 quo
1681 1872 1784 1937 appa·

1032 1962 1102 2024 ret,
1123 1947 1317 2031 triquetram
1340 1948 1477 2012 nimium
1500 1949 1604 2024 fallu
1615 1970 1697 2017 eata
1715 1974 1784 2019 mo·

227 2055 385 2132 Atratini,
426 2053 553 2129 Bibuli,
582 2073 663 2136 quoa
691 2071 805 2114 omnes
833 2051 862 2114 ai
882 2073 976 2135 prae·
1032 2062 1128 2113 netae
1151 2049 1281 2129 Siculae
1303 2066 1543 2133 argumentum.
1572 2052 1622 2117 At
1639 2054 1784 2138 Bibulae

227 2172 318 2221 tores
342 2155 475 2220 Siciliae
499 2167 632 2230 atatuaa,
665 2173 802 2215 necesse
826 2152 890 2215 erit
914 2166 974 2216 ata·
1032 2151 1067 2212 in
1084 2150 1299 2216 numoaimili
1315 2150 1435 2216 dicitur
1449 2153 1783 2223 Petocoasutatct·

226 2272 322 2321 tuere
341 2257 456 2331 etiarn,
481 2253 582 2318 suisne
602 2274 715 2317 omnen
730 2267 797 2316 trea
816 2255 886 2336 ejua
901 2275 976 2339 pro·
1030 2255 1119 2332 liae,
1146 2255 1368 2339 magistratum
1390 2274 1473 2339 ergo
1491 2255 1528 2318 bi
1543 2255 1577 2318 in
1596 2256 1712 2325 Sicilia
1726 2259 1784 2325 ob·

224 2358 351 2422 vinciae
382 2369 553 2440 praetcrea
584 2376 650 2419 uno
685 2353 975 2439 eodemqueanno
1031 2354 1188 2422 tinebant.
1228 2361 1314 2423 Istuc
1336 2358 1430 2421 ibam.
1473 2357 1616 2437 Mirum,
1632 2360 1675 2423 in
1696 2382 1780 2447 qnae

224 2461 268 2527 V.
284 2461 320 2524 C.
337 2477 418 2541 719,
449 2478 515 2519 non
544 2457 653 2541 priua,
679 2476 754 2520 nam
779 2456 856 2522 Sex.
879 2459 976 2520 Pom·
1032 2455 1174 2521 absurda
1194 2480 1311 2523 numua
1326 2459 1385 2524 hic
1406 2481 1426 2522 a
1441 2458 1783 2547 Vaillantiopromnl·

225 2550 319 2646 pejus
340 2560 469 2622 nonnisi
488 2571 735 2623 exeunteanno
753 2558 973 2641 praecedente
1032 2573 1124 2642 gatus
1146 2561 1293 2624 eruditos
1314 2558 1481 2628 averterit.
1516 2560 1673 2627 Primum
1693 2566 1784 2635 Vail·

223 2666 287 2746 718
316 2663 420 2728 victua
450 2682 512 2745 per
541 2679 617 2724 auen
639 2671 733 2722 antea
754 2659 973 2725 hominatu-
1031 2662 1149 2724 lantiaa
1177 2677 1292 2747 patera
1317 2683 1362 2726 ex
1390 2663 1454 2725 hoe
1479 2681 1582 2727 numo
1603 2664 1663 2744 ait,
1697 2668 1780 2735 Sici·

224 2767 315 2829 aulae
339 2785 395 2827 res
416 2761 622 2846 procuravit,
653 2781 718 2823 non
740 2776 871 2844 pcatea,
898 2785 971 2827 nam
1030 2762 1107 2824 liam
1139 2764 1240 2827 suinae
1262 2768 1296 2827 in
1316 2760 1452 2828 Antonii
1470 2754 1656 2848 parcitate,
1687 2770 1780 2856 quod

123 2924 124 2928 ,
224 2889 308 2930 anno
339 2880 498 2952 sequente
526 2864 686 2927 Antonius
715 2863 778 2944 jam
806 2864 972 2948 processit
1029 2863 1135 2947 ipsum
1157 2866 1275 2930 Dionis
1308 2887 1438 2953 quoque
1460 2864 1573 2930 verbio
1593 2866 1779 2938 confirmat.

223 2970 337 3032 consul
354 2972 411 3048 ll.;
443 2982 475 3033 at
497 2969 532 3029 in
557 2965 701 3028 omnium
725 2963 845 3027 borum
873 2966 970 3029 trium
1028 2966 1144 3030 Fuisse
1167 2988 1249 3053 ergo
1267 2968 1422 3031 Bibulum
1443 2966 1484 3031 ab
1506 2969 1655 3035 Antonio
1674 2972 1710 3037 in
1727 2974 1778 3039 Si·

216 3074 328 3134 ‘numia
373 3082 503 3132 notatur
538 3066 722 3130 consulatue
757 3068 796 3127 H.
825 3067 971 3130 nondum
1029 3069 1104 3132 eilia
1137 3070 1348 3134 coustitutum
1383 3071 1638 3155 proconsulem,
1674 3087 1709 3139 et
1734 3075 1777 3141 ab

222 3172 336 3245 initus,
368 3189 486 3250 nempe
522 3168 617 3231 COS.
639 3171 736 3249 Des,
757 3173 873 3235 lTER.
896 3172 969 3236 BT.
1028 3169 1092 3233 hoc
1120 3187 1328 3255 praetentem
1357 3194 1490 3237 numum
1523 3172 1559 3235 iu
1590 3175 1704 3241 Sicilia
1722 3197 1777 3263 cue

224 3268 324 3331 Ten.
348 3271 385 3329 ln
406 3289 506 3330 unum
527 3287 608 3332 vero
629 3293 745 3334 annum
768 3285 836 3334 trea
860 3272 969 3337 narica
1028 3292 1099 3335 eum
1118 3280 1162 3356 ¹).
1188 3275 1400 3344 Vaillantium
1421 3290 1549 3341 temere
1571 3290 1705 3363 aecntua
1726 3290 1778 3345 eat

223 3371 391 3455 compingi
412 3382 598 3457 praetores,
614 3394 661 3435 *an
683 3393 749 3435 non
770 3372 968 3436 absurdum?
1026 3374 1272 3460 Havercampua
1293 3375 1339 3460 b).
1382 3378 1457 3440 Nou
1492 3378 1697 3445 immorabor
1726 3380 1776 3445 in·

223 3475 286 3551 At,
320 3471 443 3556 inquit,
481 3471 640 3556 triquetra
680 3475 811 3537 Siciliae
841 3488 970 3558 praeto·
1027 3477 1195 3541 consultae
1233 3477 1310 3542 huic
1345 3479 1506 3556 orationi,
1546 3480 1678 3567 quando
1708 3480 1774 3567 iam

221 3597 277 3640 rea
306 3575 392 3638 haud
422 3572 520 3636 dubie
550 3577 667 3660 arguit.
712 3577 766 3637 En
793 3576 854 3637 tibi
886 3598 969 3659 aym·
1026 3581 1243 3642 Maazolenua
1265 3579 1394 3644 abunde
1414 3579 1585 3665 probavit,
1608 3604 1774 3671 nunqnam

220 3678 335 3742 bolum
364 3678 466 3740 hocce
500 3675 632 3741 fatalem
661 3679 755 3741 illum
777 3678 995 3762 scopulum,3
1027 3680 1170 3744 Antonio
1187 3681 1356 3764 juaullum
1373 3683 1408 3745 in
1424 3684 1570 3748 Siciliam
1596 3684 1719 3766 tuine,
1739 3698 1773 3751 et

219 3783 254 3843 in
298 3800 364 3864 quo
405 3777 514 3842 navim
554 3780 695 3844 adlicere
729 3780 793 3848 oiri
835 3780 967 3858 summi,
1025 3779 1142 3843 Dionis
1176 3780 1286 3845 locum
1322 3784 1408 3850 male
1437 3785 1614 3854 Vaillantio
1644 3786 1770 3855 intelle·

221 3877 456 3965 spanhemius,
511 3879 719 3957 Vaillantina‚
771 3884 967 3949 Havernam·
1025 3894 1123 3947 ctum.
1173 3882 1283 3948 Aliter
1317 3906 1400 3970 ergo
1437 3876 1588 3971 aenigma
1630 3888 1769 3974 explicet

220 4005 297 4069 pua,
320 3979 552 4058 Mazaolenua,
575 3982 702 4067 aliique
724 4003 857 4071 omnes,
887 3985 966 4048 dum
1022 3984 1250 4066 Mazaoleana,
1283 3986 1342 4050 aed
1363 4001 1399 4051 et
1419 3988 1516 4052 aliter
1535 4007 1664 4072 peccat.
1699 3972 1766 4068 Ait,

221 4106 263 4149 ec
291 4082 375 4146 duce
404 4082 510 4145 numia
533 4081 583 4145 hia
620 4085 764 4149 Siciliam
784 4087 892 4150 natale
914 4108 966 4150 ao·
1021 4086 1176 4148 Bibulum
1191 4108 1253 4172 pro
1270 4089 1410 4153 Caesare
1426 4089 1527 4155 fuiate
1545 4092 1680 4157 Siciliae
1695 4112 1766 4179 pro,-

220 4188 288 4250 lum
318 4169 485 4269 imputant.
529 4184 630 4261 Novi,
669 4187 861 4270 triquetram
890 4208 963 4253 ease
1023 4189 1202 4267 consulem,
1216 4190 1360 4275 signasse
1378 4193 1490 4255 tamin
1505 4212 1545 4258 ea
1566 4195 1763 4260 inaulabunc

220 4291 386 4372 vulgatum
427 4285 559 4349 Siciliae
598 4286 803 4367 aymborum,
835 4303 868 4354 at
897 4311 963 4353 non
1018 4311 1152 4353 numum
1174 4290 1282 4372 juncta
1303 4316 1375 4359 cum
1395 4296 1562 4373 Antonio,
1597 4295 1687 4383 quod
1710 4296 1762 4360 ali·

220 4392 330 4467 aolino,
348 4389 411 4451 nisi
429 4403 587 4451 etnumoa
604 4389 742 4454 Suessae
759 4395 963 4478 Campaniae,
1019 4405 1073 4456 ter
1103 4391 1177 4456 fieri
1198 4414 1265 4458 non
1285 4410 1430 4481 poterat,
1460 4396 1607 4463 Octavia.
1651 4398 1761 4463 Sabin·

220 4490 400 4574 Metaponti
422 4504 456 4554 et
477 4492 593 4559 Veliae
616 4493 795 4572 Lucaniae,
835 4498 961 4580 Aspen·
1019 4496 1061 4562 de
1080 4500 1122 4583 V,
1141 4500 1176 4561 G.
1192 4516 1255 4582 722
1271 4499 1423 4573 Bibulum
1445 4500 1621 4566 aCaeaare
1644 4502 1684 4565 ad
1702 4502 1760 4564 An·

257 4701 287 4769 a)
308 4697 341 4754 ln
355 4699 434 4753 l'arn.
448 4700 515 4754 Ant.
535 4718 565 4775 p.
574 4712 636 4762 220.
711 4701 746 4773 b)
767 4701 806 4760 ad
822 4702 935 4762 llorell.
951 4704 1019 4762 sam.
1035 4725 1064 4783 p.
1075 4719 1120 4770 25.
