3998 5340
194 477 267 556 1⁴02
786 452 1158 528 flammaeve.

190 630 293 695 mania
315 628 446 713 genium
467 623 624 710 Aegypti,
647 625 700 687 rel
716 621 934 690 Alexandriae
1139 623 1185 684 Vt
1201 621 1309 685 arna.
1381 644 1391 655 ¹

189 730 357 817 elephanti
374 730 464 815 pello
488 726 618 802 vestiri,
643 725 731 811 quod
752 740 842 808 patet
859 744 935 791 eum
983 722 1466 793 .nttsr1wa0n1.aetatt.
1487 728 1577 795 8.·0.
1602 728 1751 813 Impera·

187 852 232 899 ax
259 833 366 897 numia
389 828 488 894 modo
511 827 676 903 adductis,
718 840 787 892 tum
812 848 855 893 ex
875 848 935 891 uu-
992 837 1047 890 tor
1058 825 1211 911 figuram
1230 827 1424 891 muliebrem
1450 830 1610 895 subleuat
1637 837 1774 915 capite·

186 937 250 1000 ruia
288 933 395 1020 gentis
424 929 597 997 Aemiliae.
641 931 766 998 Verum
797 930 838 995 ab
867 931 936 995 Ae·
991 929 1143 1006 radiato,
1174 950 1201 989 s.
1222 941 1387 1011 sceptrum
1405 942 1590 1013 paenam.
1626 932 1746 999 ΜΗ.

187 1038 307 1124 gyptiia
325 1035 403 1120 ipris
420 1032 455 1096 id
472 1049 633 1117 persaepe
649 1031 770 1095 iactum
794 1032 934 1117 probant
990 1029 1178 1113 (Vaillant.)
1220 1030 1258 1089 lu
1277 1028 1365 1093 eliot
1388 1030 1521 1097 Mulier
1538 1034 1643 1117 siene
1657 1054 1746 1119 gena

185 1140 277 1204 numi
294 1134 527 1215 Alexandrini,
554 1154 636 1218 quos
652 1136 763 1218 paullo
777 1150 852 1200 ante
868 1135 933 1200 dia·
986 1130 1249 1215 gubernaculum
1273 1153 1374 1214 saper
1402 1133 1540 1197 humero
1564 1148 1686 1201 renem
1705 1138 1745 1201 ai

184 1240 361 1326 putationis
396 1256 491 1303 aaran
519 1235 690 1313 advocavi,
728 1238 848 1322 aliique
874 1239 933 1299 im·
991 1234 1147 1294 adstante
1171 1234 1369 1313 imperatore
1392 1246 1511 1317 togate
1536 1236 1743 1301 suttonam.

184 1357 375 1428 peratorum
406 1336 675 1424 praecedentiam
702 1358 777 1402 oum
807 1341 935 1425 epigra-

176 1446 253 1529 phe
269 1436 601 1518 ΑΛΕΞΑΝΔΡΕΑ,
635 1453 706 1504 tum
735 1442 827 1506 numi
849 1441 935 1527 ipao·

188 1567 263 1609 runa
278 1541 421 1628 Aegypti
435 1560 569 1681 regnatu.

331 1702 375 1812 ri
390 1692 501 1813 arfa.
652 1695 672 1733 ¹*

186 1851 429 1923 ADVENTVI.
446 1846 765 1919 aventinum.
791 1850 932 1932 Impera·

185 1970 250 2032 tor,
272 1968 306 2017 et
323 1953 444 2016 mulier
459 1964 589 2015 stantes
604 1954 650 2014 ad
667 1972 761 2015 oram
776 1954 934 2016 dexteras

992 1333 1064 1399 ΔΕ.
1083 1336 1122 1395 11.
1136 1334 1236 1417 (ntus.
1247 1334 1363 1417 caea)

1056 1435 1258 1500 Hadrianum
1287 1438 1320 1499 in
1346 1436 1426 1501 Atia
1439 1438 1742 1523 -.(proeonaa1aren

992 1536 1159 1622 intellige,
1181 1556 1279 1623 quam
1304 1538 1411 1603 aolum
1427 1539 1567 1605 inuuunt
1583 1542 1620 1605 iti
1636 1544 1742 1627 nemi)

991 1638 1093 1704 initae
1109 1652 1292 1721 tarantum,
1314 1642 1390 1705 aetia
1408 1656 1546 1709 eonatat.
1575 1644 1666 1709 Ean
1682 1664 1742 1733 par

989 1740 1078 1805 huno
1096 1755 1253 1820 tractum,
1277 1748 1345 1807 iter
1348 1744 1539 1825 facientem
1553 1750 1742 1815 candidiore

990 1846 1114 1926 templa
1136 1852 1192 1908 sui
1209 1848 1371 1919 nominis,
1397 1856 1511 1909 narrat
1538 1846 1741 1933 Spartiatam.

989 1944 1079 2041 Quin
1095 1946 1196 2010 urbea
1211 1946 1308 2010 etiam
1324 1962 1565 2029 memorantur,
1596 1970 1683 2039 quaa
1699 1956 1742 2021 ita

184 2057 389 2137 coniungant
409 2054 539 2130 jacente
559 2054 654 2117 isarni
673 2058 820 2116 victima.
860 2053 933 2117 An.
985 2046 1030 2111 ab
1050 2067 1092 2111 eo
1112 2063 1225 2112 auctae
1247 2048 1361 2126 inere,
1388 2064 1427 2115 ut
1446 2070 1516 2117 non
1537 2050 1742 2133 dubitarent,

186 2157 350 2237 (Getaner
365 2176 406 2220 ex
424 2177 506 2220 mua.
525 2153 633 2235 Pseu.)
656 2156 725 2220 ΑΕ.
739 2157 762 2218 Ι.
781 2153 911 2236 (vain.)

330 2260 505 2324 Vatinii.

183 2359 500 2425 nEsrlrt‘Tont.
521 2357 726 2420 ARABIAE.
746 2358 782 2422 8.
801 2357 839 2419 C.
869 2355 933 2415 Irn-

180 2474 319 2543 perator
341 2473 477 2540 togatus
496 2460 667 2520 ntulierern
693 2479 780 2540 genu
791 2459 933 2542 flecten-

184 2574 271 2636 tem,
293 2573 326 2624 et
348 2582 374 2624 s.
385 2561 660 2644 firteealamum
677 2571 839 2622 tenentem
857 2559 932 2619 sui·

183 2662 284 2737 levat,
297 2683 359 2743 pro
370 2663 510 2744 pedibus
530 2663 686 2725 camelus.
703 2661 773 2724 att.
783 2662 810 2727 1.
828 2662 929 2743 (Mna.

176 2766 298 2846 acres.)

246 2868 364 2929 Narrat
393 2865 598 2951 Spartianua,
627 2865 828 2930 Hadrianum
857 2888 931 2948 per·

183 2983 305 3048 agrurn
318 2971 451 3030 Arabia
467 2972 634 3031 Pelusium
646 2973 781 3033 venisse.
804 2971 931 3034 Seeun·

183 3070 260 3131 dum
284 3090 340 3141 ea,
370 3089 453 3151 quae
480 3071 635 3133 continuo
658 3070 692 3131 in
714 3072 929 3134 Alexandria

184 3171 270 3243 dixi,
293 3190 430 3233 necesse
449 3184 498 3233 eat
513 3186 718 3255 peragratam
734 3171 775 3235 ab
791 3172 930 3235 Hadria·

183 3294 228 3336 no
259 3270 409 3333 Arabiam
439 3272 573 3335 ineunte
603 3293 687 3336 anno
718 3274 761 3340 V.
782 3274 821 3337 C.
853 3273 928 3339 88³.

181 3378 236 3437 De
270 3374 430 3437 attributis
455 3373 614 3452 Arabiae,
652 3396 735 3461 quae
763 3378 927 3460 posterior

182 3498 299 3539 numne
316 3475 431 3552 offert,
457 3477 517 3559 egi
538 3476 572 3538 in
594 3480 723 3541 moneta
739 3479 870 3561 Trajani
886 3480 926 3541 ad

173 3600 316 3643 numum
336 3578 725 3673 Annss.n1tQ.anniv.
746 3580 783 3646 C.
803 3583 875 3646 858.

544 3682 562 3715 Ι

437 3729 457 3767 ἦ

327 3789 372 3846 Vt
389 3788 442 3848 lit.
456 3784 499 3847 ll.

181 3888 293 3950 astn.
318 3888 447 3950 Mulier
467 3889 586 3947 dextro
597 3887 678 3964 pede
691 3904 813 3966 prorae
831 3888 929 3948 navis

182 3994 342 4053 insistens
365 3991 396 4052 d.
418 3988 652 4061 acrostolium,
682 4008 708 4050 s.
724 3988 923 4069 gubernacu-

181 4094 262 4154 larn.
286 4090 355 4155 AR.
372 4092 474 4172 (Mus.
492 4090 602 4167 Caea.)

325 4196 369 4255 Vt
388 4197 440 4254 tir.
458 4192 499 4254 ΙΙ.

182 4296 422 4363 ntttttxrtt.
447 4292 548 4357 AYG.
572 4294 711 4357 astnlt.
735 4294 770 4359 S.
789 4294 826 4355 C.
864 4293 927 4355 ina·

177 4414 314 4479 parator
330 4410 482 4475 tergatur,
503 4409 534 4457 et
554 4399 673 4458 mulier
689 4394 925 4483 sacrificantes.

77 4560 104 4619 3
181 4500 251 4560 ΑΕ.
268 4500 291 4560 Ι.
311 4497 425 4580 (t'aitl.
450 4500 534 4564 Mna.
552 4496 663 4579 Gaea.)

988 2169 1066 2212 eum
1090 2148 1229 2213 alterum
1254 2151 1461 2216 condituram
1487 2156 1680 2240 appellare,
1707 2172 1742 2221 et

990 2251 1030 2314 ab
1050 2271 1092 2315 eo
1109 2272 1229 2316 nomen
1248 2254 1398 2317 mutuari.
1435 2256 1473 2317 lu
1491 2254 1609 2321 hrum
1624 2278 1738 2325 name·

989 2372 1028 2414 ro
1045 2352 1140 2416 fuere
1162 2354 1318 2437 cyzicus,
1349 2355 1505 2437 Smyrna,
1534 2358 1740 2429 suntantea·

987 2453 1123 2532 Cariae,
1154 2456 1302 2541 aliaeque
1331 2458 1530 2541 complurea.
1574 2459 1738 2558 Qaautan

987 2556 1147 2638 pecuniae
1166 2558 1231 2621 rim
1253 2558 1442 2643 erogaverit
1458 2558 1493 2621 iu
1514 2560 1740 2651 anina-Satyr-

988 2679 1050 2722 nae
1074 2674 1280 2736 ornamenta,
1306 2659 1415 2725 videri
1432 2658 1541 2745 potest
1556 2666 1645 2749 apud
1661 2668 1739 2733 Piti-

989 2760 1159 2824 lostratum
1175 2763 1216 2844 ¹).
1254 2761 1347 2856 Quae
1365 2762 1435 2845 ejia
1451 2763 1576 2857 fuerim
1592 2766 1626 2831 iu
1645 2770 1739 2853 Cyri·

988 2881 1063 2925 eum
1080 2862 1216 2941 merita,
1246 2879 1360 2927 erecto
1379 2863 1426 2927 ibi
1442 2865 1476 2927 ia
1496 2885 1622 2933 nomeu
1643 2892 1738 2935 aaut

985 2964 1112 3047 templo
1131 2966 1468 3051 magniliaentiaaimo,
1496 2980 1533 3031 et
1551 2970 1736 3037 eonstiterit

986 3066 1087 3144 ludia,
1103 3066 1137 3129 in
1157 3067 1253 3151 hujus
1273 3081 1402 3133 moneta
1419 3067 1553 3137 dioran.
1577 3070 1675 3165 Quae
1688 3094 1736 3139 aa·

986 3188 1028 3230 ne
1050 3188 1146 3234 causa
1174 3170 1327 3256 princepe
1353 3170 1466 3247 inerit,
1497 3191 1561 3237 aur
1580 3186 1657 3239 ean
1675 3176 1735 3260 Cy·

986 3270 1093 3333 eicani
1119 3272 1440 3337 tertiumdecimum
1464 3270 1564 3337 deum
1591 3276 1734 3363 appella·

986 3372 1092 3437 verint
1110 3371 1154 3455 a),

1047 3477 1158 3561 Typaa
1171 3476 1263 3539 numi
1276 3476 1375 3559 primi
1385 3477 1485 3543 attae
1495 3478 1654 3545 attributa
1669 3502 1733 3547 aaa·

983 3576 1090 3640 ritima
1113 3578 1317 3655 commodat,
1349 3574 1438 3665 qaod
1459 3578 1642 3669 pleraeque
1660 3586 1732 3667 eiua

983 3677 1174 3762 provinciae
1186 3680 1269 3745 mari
1283 3696 1394 3745 eaaent
1404 3682 1537 3757 adsitae,
1551 3702 1663 3773 aeqae
1676 3686 1734 3751 aii·

985 3794 1039 3843 ter
1053 3780 1114 3843 uisi
1130 3784 1212 3846 mari
1224 3785 1340 3847 aaltetn
1351 3786 1455 3849 Roma
1465 3784 1636 3869 praitoria,
1647 3786 1733 3853 adiri

984 3898 1108 3968 posset.
1132 3885 1312 3969 implexior
1327 3887 1411 3953 ratio
1425 3884 1540 3972 eapitia
1552 3886 1682 3965 radiati,
1697 3900 1733 3955 at

985 3988 1118 4070 sceptri,
1133 4009 1215 4072 quae
1233 3986 1332 4051 oiiert
1346 4010 1463 4055 numae
1479 3989 1609 4068 tertiae,
1623 3990 1652 4057 ai
1664 4010 1732 4055 aaa·

985 4088 1028 4151 do
1046 4088 1238 4155 Yaillnntiua
1251 4110 1374 4175 praeco
1389 4113 1466 4159 aera
1477 4089 1569 4159 vidit.

1130 4196 1174 4251 Vt
1190 4193 1243 4256 Its.
1256 4192 1298 4257 rt.

985 4294 1226 4361 interit-‘t
1244 4294 1345 4359 ate.
1370 4292 1623 4363 mmmmm
1638 4298 1674 4363 8.
1691 4298 1728 4361 C.

986 4399 1062 4457 Are
1098 4398 1230 4475 ignita,
1272 4399 1352 4461 irinc
1382 4401 1566 4481 imperator
1593 4412 1731 4483 togatas

983 4510 1093 4571 stans,
1119 4498 1217 4562 illinc
1243 4500 1405 4585 Bithynia
1422 4504 1534 4579 capita
1554 4506 1682 4565 turrito
1698 4504 1730 4567 si.

222 4712 243 4757 s·
270 4706 301 4761 in
318 4706 373 4762 rite
393 4686 567 4783 Polemonia.
640 4707 672 4775 b]
697 4704 810 4762 Socrat.
826 4703 898 4761 nist.
916 4702 1021 4763 acciet.
1038 4703 1067 4761 1..
1080 4703 1128 4765 ΙΙΙ.
1149 4716 1227 4769 att).
