4012 5370
725 486 957 575 VXORES
990 480 1294 563 moussy
1696 514 1768 586 tet

287 663 449 728 Coloniae
471 680 588 723 numus
610 672 719 724 certus
745 658 889 721 nondum
911 676 965 721 co·
1022 678 1099 721 nem
1116 657 1199 736 ieci,
1221 660 1373 744 pertinet.
1400 659 1475 725 Non
1498 665 1667 742 existimo,
1688 665 1766 733 insi·
1800 728 1806 742 ,

219 765 339 849 gnitus.
1024 780 1104 844 gneo
1126 762 1186 822 hos
1207 783 1322 848 numos
1340 766 1483 848 signatos
1503 767 1604 831 luisse
1623 771 1766 849 Rornae,

284 866 393 932 mvn
413 862 532 927 dicitur
548 864 580 924 in
596 881 696 923 numo
713 854 848 938 eximio,
867 881 965 945 quem
1024 875 1058 924 et
1074 862 1215 945 conjicio
1231 884 1346 927 eorum
1363 869 1499 948 patriam
1513 891 1586 933 esse
1601 870 1766 933 coloniam

219 987 298 1031 mox
330 967 365 1028 in
395 981 525 1030 moneta
549 965 636 1027 filiae
662 961 815 1026 Claudiae
844 962 965 1026 descri-
1023 963 1180 1046 aliquam,
1196 964 1334 1031 acforte
1351 968 1558 1052 Corinthum,
1580 973 1635 1041 vel
1652 974 1766 1037 Patras

219 1068 305 1134 ham.
1022 1063 1176 1132 Achaiae.

461 1306 488 1368 c
495 1305 523 1367 ι,
531 1305 571 1366 A
580 1304 651 1366 VD
659 1302 732 1365 1A,
1026 1271 1122 1331 onr
1138 1269 1205 1333 ΙΙΙ.

231 1525 235 1530 .
286 1474 367 1537 Nata
388 1473 520 1535 Nerone
550 1484 583 1534 et
609 1469 761 1554 Poppaea
790 1470 875 1553 apud
903 1472 968 1531 An·
1061 1506 1344 1574 STATILIA
1378 1510 1732 1579 MESSAMNA'

221 1576 305 1640 tium
326 1578 369 1642 V.
387 1575 424 1638 C.
446 1574 526 1649 est),
569 1571 657 1656 quod
682 1585 816 1634 naturae
846 1571 967 1635 donum

219 1676 308 1741 ultra
342 1676 480 1739 mortale
518 1673 669 1756 gaudium
702 1674 826 1758 accepit
856 1688 966 1757 puter,

223 1799 365 1859 umque
387 1777 542 1840 continuo
568 1778 762 1858 Augustam
792 1775 967 1858 appellavit
1025 1786 1075 1836 sto
1103 1778 1256 1843 consulis.
1301 1778 1420 1841 Tribus
1440 1779 1506 1862 jam
1527 1792 1621 1845 antea
1643 1783 1768 1847 maritis

221 1879 407 1946 constitutis
448 1891 621 1961 praeterea
663 1880 966 1964 supplicationibus,
1024 1890 1155 1961 nuptam
1186 1879 1248 1941 sibi
1277 1881 1450 1964 conjugem
1480 1881 1615 1949 adscivit
1640 1885 1767 1949 Atticus

223 1981 327 2058 ludis,
369 1981 560 2046 simulacris.
604 1981 729 2045 Verum
764 1981 852 2046 iluxa
885 1984 967 2047 haec
1024 1978 1198 2057 Vestinus,
1222 1981 1284 2043 etsi
1303 1981 1390 2045 haud
1407 1982 1536 2047 nescius
1555 1999 1661 2064 esset,
1681 1988 1770 2051 inter

225 2084 338 2157 luere,
368 2105 441 2145 cum
471 2097 617 2164 quartum
646 2084 728 2144 intra
755 2104 900 2145 mensem
923 2085 969 2145 ri·
1028 2079 1192 2144 adulteros
1221 2083 1291 2164 ejus
1318 2085 1485 2146 Neronem
1518 2107 1647 2170 quoque
1672 2081 1775 2165 ¹esse,

226 2206 305 2249 vere
334 2184 515 2247 desivisset.
556 2187 746 2246 Contractus
773 2186 857 2249 vitae
886 2185 968 2248 lines
1027 2201 1109 2265 quae
1145 2183 1214 2265 ipsa
1247 2205 1302 2246 res
1337 2185 1368 2247 ei
1401 2186 1504 2249 exitio
1535 2189 1642 2252 vertit.
1686 2191 1770 2252 Nam

226 2305 482 2370 compensavere
519 2285 721 2348 adulationes
764 2287 968 2349 censentium
1026 2296 1153 2345 mortua
1189 2285 1342 2367 Poppaea
1377 2306 1451 2357 cum
1486 2287 1671 2371 jungendae
1708 2290 1771 2352 sibi

226 2388 371 2453 honores
398 2388 553 2462 DIVAE,
588 2400 620 2448 et
645 2384 809 2470 pulvinar,
840 2388 969 2452 aedem·
1026 2383 1221 2447 Messalinae
1251 2385 1417 2450 desiderio
1447 2401 1632 2468 teneretur,
1663 2391 1772 2460 Vesti-

227 2510 307 2575 que,
329 2503 364 2552 et
381 2488 584 2552 sacerdotem
602 2489 642 2569 ²).
1026 2508 1104 2548 num
1125 2485 1273 2567 ejusdem
1296 2486 1370 2560 anni
1390 2490 1578 2568 consulem,
1616 2492 1672 2575 qui
1701 2507 1772 2559 erat

1026 2588 1068 2653 V.
1083 2588 1120 2649 C.
1143 2589 1221 2664 818,
1257 2587 1413 2652 falsorum
1442 2591 1615 2653 eriminum
1642 2613 1774 2658 accusa·

524 2673 668 2738 Numi:
1026 2701 1093 2750 tum
1111 2689 1243 2765 occidit,
1267 2690 1461 2774 viduamque
1478 2691 1511 2753 in
1529 2692 1661 2755 domum
1680 2717 1772 2759 suam

1086 1673 1244 1757 Abneptis
1263 1676 1381 1738 Statilii
1396 1677 1496 1741 Tauri
1514 1677 1564 1740 his
1580 1679 1641 1743 sub
1655 1683 1766 1765 Augu·
1865 1736 1870 1748 .
1897 1643 1901 1649 ι

288 2794 369 2875 Ejus
391 2792 456 2855 dno
475 2793 630 2855 hactenus
649 2792 744 2869 editi,
772 2792 859 2877 iique
881 2794 968 2857 simi·

227 2895 292 2970 les,
332 2917 417 2958 unus
445 2917 463 2956 a
491 2896 624 2969 Potine,
660 2895 708 2974 (in
739 2894 896 2958 Suetonio
927 2896 969 2958 ad

226 3014 293 3080 cap.
307 2995 349 3058 35
373 2995 541 3076 Neronis.)
566 2995 649 3057 alter
668 3017 686 3057 a
704 2996 884 3060 Pelleriuio
903 3019 970 3061 ma·

226 3097 275 3181 gis
292 3098 431 3181 integer.
454 3096 547 3176 (Mel.
561 3099 585 3161 1.
606 3119 637 3179 p.
654 3100 736 3177 uno.)

388 3199 507 3263 DlVA.
526 3198 684 3261 CLAVD.
697 3198 797 3261 NER.
813 3199 850 3263 F.
881 3203 968 3264 Tem·

384 3303 477 3379 plum
493 3302 686 3374 rotundum,
715 3303 806 3361 intra
824 3305 912 3379 quod
927 3307 972 3364 Ji.

385 3420 488 3480 gnum
507 3401 664 3460 muliebre
681 3413 784 3466 stans.

226 3504 345 3572 ntvs.
364 3502 582 3566 POPPAEA.
600 3500 702 3566 AVG.
740 3501 905 3583 Templum
923 3505 974 3565 di·

224 3608 369 3690 stylum,
396 3611 431 3665 in
454 3624 516 3682 quo
541 3603 661 3663 mulier
678 3603 795 3663 sedens
814 3625 842 3666 a.
857 3624 974 3666 cornu.

225 3711 349 3792 copiae.
375 3707 445 3766 ΛΕ.
463 3705 504 3766 ll.
528 3704 608 3764 Sunt
626 3701 793 3767 rarissimi.
924 3728 925 3731 ¹

291 3807 408 3871 Autica
425 3805 604 3866 illustratur
621 3825 662 3867 ex
679 3805 809 3879 Tacito,
829 3803 883 3888 qui
901 3805 973 3866 ndr-

223 3925 276 3976 rat
296 3909 390 3986 loco,
415 3928 512 3991 quem
538 3906 682 3981 laudavi,
707 3920 855 3967 mortuae
879 3905 972 3967 Clau·

224 4012 298 4077 diae
321 4011 491 4075 decretum
511 4009 647 4074 DthE
667 4008 815 4083 titulum,
841 4006 971 4069 aedem·

224 4133 301 4197 que.
345 4112 460 4174 Altera
495 4132 569 4194 pars
603 4111 642 4171 ad
679 4110 822 4172 honores
857 4108 969 4171 matris

224 4216 416 4299 Poppaeae,
446 4214 710 4295 exstructumque
739 4212 769 4273 ei
795 4210 967 4292 templum,

228 4317 318 4399 cujus
347 4335 445 4396 supra
472 4316 506 4376 in
538 4314 603 4377 rita
630 4315 801 4396 Poppaeae
832 4309 970 4373 mentio·

1026 2789 1119 2852 duxit
1139 2789 1183 2870 b).
1214 2791 1311 2852 Facta
1329 2792 1580 2880 Neronisxcuesi
1602 2794 1697 2860 vidua
1715 2796 1773 2859 de·

1026 2906 1163 2974 nuptura
1188 2904 1258 2953 erat
1282 2890 1406 2954 Othoni
1427 2892 1592 2975 Augusto,
1621 2894 1677 2978 qui
1696 2917 1771 2959 eam

1026 2992 1231 3054 matrimonio
1248 2992 1309 3053 sibi
1328 2991 1560 3070 destinaverat,
1582 3014 1698 3058 verum
1715 2995 1771 3060 hic

1025 3116 1043 3158 a
1070 3093 1198 3163 Vitellii
1227 3092 1361 3156 ducibus
1391 3095 1495 3159 victus
1524 3095 1609 3158 mori
1639 3096 1770 3176 maluit3
1863 3141 1866 3146 -

1024 3210 1133 3259 tamen
1156 3196 1300 3259 moriens
1321 3194 1475 3280 reliquias
1499 3218 1571 3260 suas
1594 3209 1627 3260 et
1648 3218 1773 3261 memo·

1026 3299 1107 3362 riam
1124 3295 1318 3360 Messalinae
1336 3297 1576 3360 commendavit
1596 3301 1635 3380 ο).
1663 3298 1773 3367 Vitam

1028 3399 1184 3482 deinceps
1201 3399 1406 3482 tranquillam
1431 3400 1499 3480 egit
1520 3399 1705 3465 liberalium
1721 3426 1771 3467 ar·

1029 3502 1110 3564 tium
1127 3498 1241 3564 studiis
1258 3500 1408 3583 impense
1425 3499 1535 3562 dedita
1551 3497 1595 3582 d).

1334 3734 1475 3801 Numi:

1173 3899 1456 3966 tttecanINn
1471 3937 1485 3952 ·
1500 3938 1513 3952 -
1537 3904 1644 3981 Hujus
1659 3921 1769 3988 eaput.

1028 4000 1264 4068 AOTIOAAs
1281 4039 1294 4056 ·
1321 4040 1334 4054 ·
1375 4000 1471 4079 MH,
1500 4002 1769 4070 ntxMOKAH.

1029 4099 1135 4171 etlte.
1159 4107 1288 4170 Mulier
1311 4113 1434 4170 turrita
1458 4118 1553 4168 stans
1571 4109 1603 4170 d.
1621 4109 1768 4185 hastam,

1027 4231 1054 4272 s.
1076 4209 1228 4289 sigillum
1256 4209 1391 4269 Dianae
1411 4206 1585 4288 Ephesiae.
1621 4209 1689 4270 ΔΕ.
1711 4212 1767 4276 tlt.

1028 4310 1160 4392 (llaym.
1178 4308 1278 4373 Thes.
1293 4308 1351 4373 Br.
1371 4308 1410 4369 T.
1423 4310 1462 4371 ll.
1479 4329 1512 4393 p.
1523 4311 1612 4389 244.)

264 4649 294 4716 a]
314 4645 410 4702 Tacit.
428 4647 503 4700 Anu.
514 4643 575 4702 XV.
590 4655 632 4708 23.
654 4643 735 4698 Suet.
751 4642 781 4697 in
795 4641 913 4698 Nerone
932 4649 1050 4716 cap.35.
1160 4641 1196 4710 h)
1215 4639 1296 4695 Suet.
1310 4647 1430 4714 cap.35.
1449 4634 1544 4694 Tacit.
1559 4640 1636 4695 Anu.
1647 4638 1709 4698 XV.
1725 4646 1770 4706 63,

228 4733 318 4790 Vetus
336 4733 486 4792 scholiast.
503 4733 540 4789 ad
555 4731 684 4789 luvenal.
701 4732 760 4788 Sat.
771 4730 821 4790 Vt.
897 4734 927 4800 c)
949 4729 1029 4786 Suet.
1046 4729 1076 4785 in
1092 4729 1213 4787 Othone
1230 4747 1256 4786 c.
1269 4741 1310 4787 to.
1386 4725 1421 4798 d)
1441 4723 1541 4823 Schol.
1558 4726 1657 4786 luten.
1674 4729 1693 4786 l.
1704 4750 1729 4788 c.
