4012 5370
841 466 1155 542 TRAIANVS.

222 609 310 706 sano
332 640 374 706 ll.
391 638 427 704 C.
453 635 516 703 853
549 637 621 700 hoc·
637 634 732 698 titulo
757 645 887 696 ornatus
908 636 973 718 jam

219 743 294 806 luit.
323 743 448 807 Verum
470 759 511 803 eo
531 740 565 800 iu
582 739 801 802 monumentis
823 736 975 821 publicis,

1704 499 1777 583 lio

1090 635 1331 716 Germanicus,
1347 642 1511 723 Dacicus,
1535 652 1729 718 Parthicus.

1096 740 1392 810 GERMANICVS.
1427 746 1553 811 Plinius
1575 751 1609 812 in
1630 754 1778 840 Panegy-

222 844 340 907 sultem
363 844 421 921 iis,
450 861 531 927 quac
555 853 748 924 supersunt,
778 852 811 902 et
832 852 907 901 sunt
926 840 976 899 in·
1032 840 1105 906 rico
1123 843 1170 923 ·)=
1202 845 1328 907 Allata
1349 858 1423 908 erut
1443 867 1487 910 eu
1510 853 1683 915 Pannonia
1704 856 1778 920 lars·

221 946 387 1009 dubitatae
429 944 528 1020 fidei,
569 963 685 1004 numos
721 940 901 1023 intelligo,
935 959 975 1004 ac
1031 965 1090 1007 rea
1106 945 1144 1007 id
1161 944 1336 1027 agentibus
1351 946 1490 1023 ditmar
1505 952 1626 1016 invicti
1638 958 1778 1036 Impera·

221 1067 404 1122 marmora,
447 1065 532 1107 usus·
560 1065 627 1106 non
657 1056 708 1107 est
739 1057 814 1106 ente
853 1063 974 1106 annom
1032 1045 1118 1107 toris
1135 1057 1287 1108 exortum
1307 1047 1469 1111 victoriae
1489 1053 1623 1133 insigne
1643 1057 1777 1120 decoro·

220 1149 320 1229 V.C.
345 1150 426 1221 858,
457 1160 492 1207 ut
521 1145 561 1208 ad
589 1145 663 1207 anni
690 1144 785 1228 hujus
808 1159 974 1209 monetam
1032 1136 1092 1206 rel.
1123 1139 1240 1223 Addit,
1267 1145 1431 1211 continuo
1442 1163 1517 1232 post
1541 1155 1689 1220 sNerra-
1710 1160 1777 1222 lau·

222 1249 458 1324 animadverti,
496 1262 592 1331 atque
629 1247 732 1335 etiamv
762 1259 847 1322 tuns,
886 1244 974 1331 quod
1031 1264 1123 1307 ream
1143 1244 1178 1305 iu
1200 1245 1327 1330 gremio
1348 1250 1435 1312 lovis
1456 1249 1657 1335 depositam,
1688 1271 1721 1320 ot
1742 1260 1776 1321 in

225 1351 422 1435 cumprimis
448 1347 707 1422 observandum,
736 1348 764 1409 is
792 1368 867 1410 mos
891 1347 975 1409 obti·
1032 1345 1200 1408 homiuum
1219 1349 1396 1427 concione,
1421 1349 1622 1437 deorumque
1647 1358 1777 1442 adopta-

222 1453 312 1529 nuit,
349 1467 385 1514 ut
417 1450 528 1512 titulus
562 1450 615 1512 hic
646 1470 809 1534 nunquam
845 1462 972 1532 partem
1031 1461 1099 1510 tum
1123 1449 1309 1531 Trajauum.
1351 1450 1480 1528 Fuere,
1509 1454 1565 1538 qui
1587 1474 1776 1537 censerent,

224 1554 316 1616 numi
346 1555 482 1616 anticam
514 1566 710 1635 occuparet,
750 1552 808 1612 sed
839 1571 974 1633 semper
1031 1570 1113 1635 quos
1139 1550 1226 1612 inter
1252 1564 1423 1634 postremo
1450 1554 1521 1636 ipse
1548 1558 1704 1644 Belleyus
1727 1560 1777 1645 ¹2),

222 1676 388 1731 aversam,
420 1669 454 1717 et
481 1655 553 1717 lere
577 1674 709 1736 semper
729 1652 794 1714 hac
812 1651 969 1715 formula:

221 1759 257 1823 S.
282 1760 318 1817 P.
341 1757 382 1849 Q.
406 1755 872 1820 Il.OPTlMO.PRINCIP1.
904 1752 974 1817 Ob·

223 1858 419 1923 servandum
440 1857 554 1934 etiam,
577 1856 696 1920 eodem
715 1870 893 1940 tempore,
904 1875 969 1939 quo

220 1959 303 2025 haee
319 1960 460 2024 formula
480 1960 606 2043 coepit,
625 1958 780 2041 coepisse
788 1957 885 2020 etium
903 1975 971 2019 mo·

224 2081 314 2138 rem,
332 2062 534 2146 epigraphen
552 2060 665 2144 capitis
685 2058 781 2122 dandi
801 2079 892 2134 casu,
912 2077 971 2120 seu

223 2162 439 2226 dedicationis
474 2163 557 2238 ritu,
595 2159 767 2234 efferendi.
817 2161 877 2220 Es.
904 2178 970 2241 quo

224 2265 302 2326 satis
331 2258 482 2346 apparet,
516 2264 602 2326 circa
628 2263 695 2326 hoc
724 2276 851 2344 tempus
883 2280 970 2324 novo

223 2377 353 2427 senatus
376 2364 523 2427 consulto
548 2364 717 2427 decretum
740 2383 835 2439 esse,
858 2374 894 2424 ut
910 2361 970 2451 vllic

224 2466 380 2528 OPTIMI
409 2467 621 2527 PRINCIPIS
645 2466 757 2528 titulus
784 2465 880 2528 etiam
904 2483 972 2526 mo·

223 2569 389 2632 numeratis
404 2568 545 2650 publicis
561 2567 771 2629 insereretur.
802 2567 897 2626 Anno
915 2565 971 2627 de·

223 2691 313 2730 mum
337 2670 379 2733 V.
397 2669 432 2732 C.
453 2669 514 2750 867
540 2668 678 2744 lactum,
703 2681 738 2729 ut
763 2666 879 2727 titulus
898 2665 970 2726 OP-

220 2772 327 2834 TIML
350 2771 571 2831 PRINCIPIS
592 2771 624 2830 in
651 2788 831 2830 numorum
856 2786 970 2830 aversa

222 2871 416 2947 desineret,
449 2887 482 2934 et
510 2870 710 2935 vocabulum
730 2866 905 2933 OPTIMO
936 2866 969 2928 in

222 2974 360 3035 anticam
380 2973 602 3054 trajiceretur,
631 2972 676 3035 sic
697 2984 732 3033 ut
753 2990 885 3054 semper
903 2987 970 3030 me·

222 3074 312 3135 dium
342 3077 449 3137 locum
478 3075 568 3136 inter
587 3072 786 3134 TRAIANO
809 3086 842 3134 et
863 3068 967 3136 AVG.

222 3190 416 3259 occuparet,
436 3176 556 3259 dequo
576 3176 676 3238 fusius
694 3173 853 3257 disputavi
870 3193 967 3255 supra

220 3299 296 3361 pag.
317 3279 380 3352 448
415 3278 447 3338 in
481 3277 760 3341 animadversione
792 3275 967 3360 peculiari,

221 3399 287 3461 quo
310 3378 384 3441 loco
412 3393 445 3440 et
471 3381 752 3463 parachronismos
774 3376 907 3452 Dionis,
935 3388 968 3439 et

1029 1652 1220 1729 victoriam,
1248 1648 1385 1736 propter
1407 1674 1502 1736 quam
1523 1658 1620 1725 allata
1642 1675 1691 1725 est
1711 1663 1778 1726 lau·

1029 1774 1105 1830 rea,
1130 1753 1231 1818 luisse
1252 1766 1450 1837 reportatam
1469 1757 1601 1842 abipso
1618 1764 1776 1846 Traiano,

1028 1855 1085 1938 qui
1108 1855 1289 1941 imperante
1315 1857 1425 1921 Nerva
1445 1860 1618 1923 translatus
1642 1863 1675 1923 in
1696 1866 1779 1928 Pau·

1027 1958 1160 2021 uoniam
1191 1951 1234 2020 cx'
1261 1939 1435 2022 Germania
1463 1959 1623 2026 inferiore
1648 1967 1777 2031 Marco·

1028 2079 1163 2121 mannos
1179 2058 1211 2121 ei
1226 2059 1414 2141 provinciae
1428 2059 1635 2136 imminentes
1649 2065 1776 2147 ingenti

1029 2158 1122 2223 clude
1139 2158 1275 2235 adfecit,
1292 2179 1330 2223 ac
1346 2176 1523 2245 propterea
1539 2165 1785 2247 primumlllsra

1028 2280 1106 2339 ttae,
1137 2259 1214 2323 dein
1236 2261 1332 2344 hujus
1360 2264 1523 2345 permissu
1550 2267 1613 2330 sibi
1640 2268 1781 2333 Germe·¹

1029 2367 1099 2425 nicr'
1120 2383 1240 2425 nomen
1261 2365 1402 2446 peperit.
1441 2365 1508 2428 Sed
1534 2369 1629 2431 enim.
1644 2371 1673 2433 si
1693 2370 1776 2437 baec

1029 2463 1166 2529 victoria
1192 2464 1313 2527 luisset·
1338 2465 1486 2550 Trajaui,
1517 2491 1557 2533 su
1586 2471 1672 2533 istud
1698 2473 1776 2536 reti

1030 2567 1151 2628 coisset
1172 2567 1297 2629 Plinius
1319 2552 1544 2653 panegyrista,
1576 2572 1629 2665 cui
1659 2572 1776 2657 ingens

1028 2664 1105 2729 iude
1138 2667 1210 2749 ejus
1248 2668 1400 2731 laudandi
1435 2690 1566 2753 campus
1597 2673 1777 2755 patuisset?

1028 2769 1072 2830 Et
1099 2786 1181 2830 vero
1212 2788 1273 2851 per
1300 2770 1478 2852 scriptores
1500 2791 1612 2835 omnes
1634 2788 1776 2850 constat,

1029 2867 1224 2950 Traianum,
1262 2888 1335 2932 cum
1367 2859 1535 2952 adoptatus
1567 2885 1634 2949 est,
1671 2872 1774 2937 fuisse

1028 2967 1223 3031 Germaniae
1266 2969 1417 3033 inferiori
1443 2972 1687 3055 praelectum,
1742 2989 1776 3038 et

1026 3082 1153 3134 constat
1175 3070 1376 3150 restinta,
1392 3073 1534 3138 Nervam
1557 3094 1633 3138 mox
1658 3074 1699 3139 ab
1720 3097 1774 3138 su·

1025 3171 1091 3234 dita
1113 3171 1251 3235 victoria
1272 3174 1343 3239 lori
1371 3174 1490 3259 gratias
1520 3190 1666 3240 acturum
1697 3197 1775 3242 con·

1026 3271 1192 3337 scendisse
1217 3274 1430 3359 Capitolium,
1460 3291 1495 3341 et
1517 3299 1579 3342 una
1601 3280 1772 3364 adoptasse

1027 3374 1220 3457 Traianum
1252 3391 1377 3440 constat
1407 3377 1551 3461 denique
1583 3400 1624 3442 ex
1654 3383 1774 3445 Eutro-

220 3481 451 3542 recentiorum
479 3481 520 3544 de
555 3483 729 3544 constituto
768 3479 831 3542 boc
872 3476 966 3540 titulo
1022 3478 1098 3562 pio,
1133 3475 1293 3559 Traiano,
1330 3498 1404 3540 curn
1434 3477 1589 3541 Coloniae
1615 3481 1769 3564 Agrippi.

221 3583 478 3644 commemorari
503 3602 543 3643 ex
565 3582 740 3645 concordia
765 3594 830 3643 tam
854 3600 968 3642 numo·
1022 3598 1084 3641 uae
1104 3591 1236 3661 ageret,
1258 3577 1685 3660 adoptionemanunciatsm.
1719 3585 1771 3646 Au

220 3703 312 3756 rum,
336 3705 430 3765 quam
450 3705 646 3746 marmorum
666 3682 846 3746 evidentes.
875 3683 966 3765 Ergo

221 3782 286 3846 hoc
309 3786 588 3868 tempore-titulus
610 3785 782 3859 OPTIMI,
806 3783 868 3846 etsi
886 3781 968 3842 lidu-

219 3886 270 3945 cia
294 3884 391 3944 Plinii
414 3887 476 3967 jam
501 3887 628 3969 pridem
652 3884 854 3970 cognominis
876 3883 966 3947 vices

220 3985 389 4063 obtinuit,
416 3987 516 4051 instar
547 3989 618 4052 reri
649 3985 851 4071 cognominis
876 3984 966 4047 adbi-

219 4088 311 4164 beri,
335 4103 368 4151 et
386 4090 418 4150 iu
437 4112 495 4151 usu
514 4110 585 4153 esse
603 4091 728 4173 coepit,
751 4086 838 4169 quod
853 4084 907 4149 vel
925 4105 967 4147 ex

219 4192 420 4255 successoris
454 4191 612 4254 Hadriani
649 4189 753 4252 numis
789 4200 897 4270 patet,
932 4188 966 4247 in

219 4315 317 4373 quem
351 4294 395 4361 is,
428 4294 501 4377 quia
531 4314 646 4357 terum
676 4308 876 4376 cognomen,
905 4306 967 4371 per

219 4397 428 4480 adoptionem
452 4395 608 4457 transivit.

1025 3680 1222 3756 verisimile,
1255 3678 1429 3760 Traianum
1459 3682 1543 3743 intra
1574 3695 1636 3744 tam
1666 3682 1769 3749 breve

1024 3794 1171 3864 tempus,
1202 3779 1292 3866 quod
1312 3781 1399 3843 iuter
1420 3782 1608 3861 victoriam,
1639 3799 1673 3848 et
1694 3785 1771 3851 ado·

1024 3882 1171 3966 ptionem
1207 3881 1409 3959 intercessit,
1450 3884 1618 3949 Coloniam
1657 3888 1778 3950 redire

1023 3984 1185 4067 potuisse,
1210 3996 1297 4046 tanto
1315 4007 1333 4047 a
1349 3985 1515 4049 Pannonia
1532 3988 1704 4069 regionum
1723 3988 1769 4049 in·

1024 4085 1164 4148 terrallo
1185 4084 1358 4149 dissitaml·
1390 4087 1474 4150 Sane
1495 4101 1666 4171 praetensa
1688 4088 1770 4153 haec

1025 4187 1100 4269 ejus
1125 4186 1159 4247 iu
1187 4187 1385 4252 Pannoniam
1411 4187 1592 4273 proleotio,
1625 4201 1662 4253 st
1686 4193 1771 4254 Man

1025 4308 1257 4354 comannorum
1285 4290 1319 4351 in
1345 4309 1417 4354 eam
1444 4289 1634 4372 impressio,
1663 4303 1696 4353 ct
1717 4311 1770 4355 re·

1025 4390 1088 4454 lata
1111 4390 1151 4455 ab
1178 4411 1220 4456 eo
1243 4391 1397 4469 victoris,
1423 4393 1451 4455 si
1475 4392 1661 4458 cedrenum
1683 4393 1769 4458 exci-

255 4718 285 4785 a',
308 4715 419 4791 Cape.
495 4714 529 4784 b)
551 4711 580 4767 Β.
593 4710 622 4767 t.
642 4709 809 4773 Tomlllll.
826 4731 855 4786 p.
868 4715 928 4774 tit.
946 4728 1008 4784 seq.
1027 4709 1057 4766 in
1074 4709 1159 4770 ilem.

1364 4807 1548 4867 Mmma
