4012 5370
391 517 417 576 x
939 422 1430 586 enarrarre

392 648 532 779 lector,
558 684 802 784 argenteum
811 669 1058 783 'quempiam
1078 693 1254 750 numum
1273 696 1363 751 esse
1380 693 1436 749 ex
1454 666 1771 774 subaeratorum
1790 693 1956 786 genere,

392 822 465 891 aut
491 821 658 920 ‘praeter
677 823 838 891 morem
859 806 1015 918 maiore
1037 800 1191 891 vilioris
1218 803 1374 887 metalli
1392 803 1626 911 accessione
1657 803 1952 916 depravatum,

391 956 465 1028 aut
485 946 769 1057 cujuscunque
788 940 946 1026 metalli
969 969 1146 1026 numum
1165 940 1347 1025 fabricae
1369 969 1459 1024 esse
1481 939 1681 1047 rudioris,
1712 954 1787 1026 aut
1803 943 1951 1041 saltem

391 1111 415 1163 a
434 1081 553 1166 solito
579 1095 690 1167 statu
712 1079 966 1185 abludentis,
995 1075 1108 1162 certo
1129 1078 1347 1163 commatis
1367 1077 1596 1192 peregrini,
1624 1092 1699 1164 aut
1718 1078 1841 1192 plane
1859 1080 1955 1162 har·

391 1218 481 1299 hari
499 1213 775 1330 argumento?
796 1241 897 1328 quas
918 1214 1087 1327 quidem
1108 1243 1250 1299 omnes
1268 1241 1412 1298 causas
1428 1215 1591 1328 penitus
1613 1245 1734 1299 nosse
1748 1229 1956 1329 quantum

389 1354 574 1460 intersit,
599 1368 673 1439 aut
698 1352 878 1435 diximus
895 1350 1016 1459 alibi,
1046 1363 1119 1435 aut
1139 1350 1357 1462 deinceps,
1387 1377 1485 1434 cum
1507 1353 1670 1437 occasio
1690 1353 1855 1461 tulerit,
1880 1352 1953 1436 do·

390 1489 561 1574 cebitur.
588 1499 751 1602 Quanta
773 1488 827 1573 sit
844 1487 1067 1600 praecipue
1087 1487 1130 1571 in
1152 1475 1318 1573 moneta
1337 1489 1520 1573 Romana
1546 1491 1861 1574 subaeratorum
1882 1518 1952 1574 co-

389 1627 495 1739 pia,
515 1639 557 1711 et
584 1654 710 1739 quam
738 1624 873 1737 turpia
901 1623 945 1708 in
975 1622 1039 1708 his
1068 1623 1307 1732 mendacia,
1338 1624 1437 1710 olim
1467 1627 1550 1711 late
1581 1627 1877 1740 explicavimus
1906 1619 1951 1732 ²).

389 1764 452 1848 Ad
481 1765 658 1849 alterum
688 1760 799 1875 quod
828 1759 994 1868 attinet,
1042 1761 1297 1845 monendum
1331 1793 1368 1847 v:
1385 1791 1418 1848 c.
1455 1764 1499 1847 in
1527 1768 1737 1876 Augusto,
1776 1763 1952 1876 aliisque

387 1904 555 2004 suerat,
574 1913 707 1985 certos
737 1896 940 2011 quosdam
967 1898 1285 1983 consecrationis
1306 1925 1454 1990 numos
1483 1930 1573 1984 esse
1593 1899 1753 2015 argenti
1773 1899 1954 2007 vilioris,

389 2052 431 2121 et
456 2038 591 2148 operis
610 2037 748 2119 minus
772 2033 993 2146 elegantiS,
1021 2035 1203 2149 signatos
1223 2063 1321 2149 ergo
1341 2036 1565 2152 inclinapte
1583 2036 1783 2150 imperio,-
1812 2066 1951 2153 neque

388 2173 646 2282 synchronos
666 2173 739 2277 iis,
765 2198 946 2285 quorum
964 2173 1216 2258 exhibentur
1238 2172 1382 2285 capita.
1413 2174 1602 2289 Denique
1621 2176 1656 2261 si
1676 2204 1853 2265 numum
1874 2156 1954 2273 Ro}

387 2328 560 2395 manum
595 2311 858 2424 putabimus,
899 2311 991 2422 qui,
1014 2310 1110 2396 etsi
1137 2309 1283 2395 Latine
1312 2310 1553 2424 inscriptus,
1587 2325 1730 2398 tamen
1762 2315 1817 2396 ab
1846 2316 1960 2398 urbe

390 2451 561 2556 Graeca,
588 2448 657 2535 vel
677 2446 850 2556 colonia,
877 2447 947 2533 vel
966 2429 1065 2561 ipsis
1084 2448 1211 2550 etiam
1229 2448 1416 2532 barbaris
1441 2450 1624 2563 signatus
1647 2463 1731 2558 est,
1759 2451 1953 2566 iniquum
1988 2544 1991 2551 ,

388 2584 520 2670 deco
553 2586 801 2698 plerumque
834 2585 913 2669 erit
945 2599 1135 2672 nostrum
1168 2584 1379 2697 judicium.
1419 2584 1599 2670 Exstant
1631 2590 1750 2675 aenei
1775 2589 1953 2675 Othonis

387 2724 506 2807 numi
535 2753 632 2808 cum
651 2720 874 2836 epigraphe
893 2723 1038 2808 Latina
1048 2735 1073 2832 ,'
1085 2736 1126 2807 et
1144 2722 1188 2806 in
1206 2750 1349 2810 aversa
1367 2727 1405 2809 S.
1421 2725 1466 2809 C.
1497 2723 1656 2807 Eorum
1679 2727 1866 2839 inspecta
1893 2729 1954 2810 fa·
1978 2801 1982 2815 .

387 2859 523 2966 brica,
548 2860 781 2974 modusque
801 2841 935 2949 facile,
950 2859 1156 2974 persuasit
1179 2860 1375 2967 eruditis,
1405 2860 1532 2945 fuisse
1559 2875 1677 2947 extra
1707 2865 1879 2972 urbem,
1909 2880 1953 2949 et

388 2996 577 3106 quidem,
623 2996 736 3109 quod
767 2997 892 3082 hodie
921 2999 1018 3082 satis
1053 3011 1242 3107 constat,
1270 2999 1515 3085 Antiochiae
1547 2998 1690 3110 Syriae
1720 3029 1948 3113 percussos,

329 3154 336 3161 ·
378 3128 501 3209 'Hanc
519 3127 741 3237 peristasin
765 3159 864 3215 cum
887 3132 1037 3218 docere
1066 3136 1264 3227 lectoren
1277 3135 1520 3250 negligeret
1547 3136 1866 3247 Mediobarhus,
1888 3142 1948 3225 fe-
1990 3227 1993 3230 ,

386 3261 462 3367 cit,
491 3274 540 3346 ut
569 3289 653 3345 non
677 3265 800 3349 modo
830 3269 873 3352 id
898 3298 1030 3381 genus
1054 3268 1173 3354 numi
1197 3272 1467 3357 crederentur
1501 3277 1716 3362 commatis
1748 3279 1946 3385 Romani,

385 3399 458 3482 sed
478 3400 771 3503 confirmarent
798 3405 923 3489 etiam
952 3407 1154 3522 judicium
1184 3436 1351 3519 eorum,
1381 3409 1454 3522 (pu
1480 3410 1559 3496 sibi
1579 3440 1842 3524 persuasere,
1872 3443 1948 3500 nn-

387 3565 475 3621 mos
497 3563 647 3622 aeneos
663 3541 818 3626 Romae
845 3573 944 3628 cum
964 3544 1138 3630 Othonis
1161 3547 1295 3660 capite
1319 3547 1447 3632 fuisse
1467 3549 1658 3661 signatos.

473 3681 527 3759 At
557 3677 670 3760 enim
708 3680 847 3765 variae
875 3681 953 3765 hae
983 3710 1155 3792 causae,
1194 3713 1296 3798 quas
1326 3685 1451 3770 modo
1481 3692 1827 3796 commemoravi,
1865 3721 1949 3776 nou

386 3811 498 3895 solae
521 3828 640 3921 sunt,
667 3843 774 3927 quae
803 3819 1042 3933 religiosum
1076 3821 1252 3937 catalogi
1287 3821 1581 3930 architectum,
1605 3827 1809 3939 cujusque
1830 3828 1950 3941 prae-

386 3947 514 4033 coniis
543 3949 765 4067 philologia
804 3957 1060 4042 confidenter
1087 3959 1149 4044 uti
1181 3961 1329 4077 possit,
1371 3961 1583 4073 impellere
1614 3962 1867 4071 debuerant,
1880 4016 1883 4023 .
1896 3995 1950 4050 ne

386 4100 573 4196 parceret
589 4087 760 4176 utilibus
780 4094 958 4202 monitis,
977 4094 1246 4211 indiciisque,
1275 4112 1323 4218 et
1333 4128 1456 4212 saepe
1487 4100 1737 4184 necessariis.
1769 4101 1950 4188 Exstant

371 4223 430 4310 ,in
455 4226 647 4311 omnibus
684 4231 836 4316 muscis
862 4231 979 4317 numi
1011 4247 1149 4320 certae
1177 4236 1455 4350 antiquitatis,
1482 4264 1620 4351 neque
1639 4251 1782 4323 tamen-
1799 4241 1950 4324 subae-

370 4362 487 4470 rati,
510 4365 554 4451 in
580 4365 753 4478 quibu's,
786 4369 875 4454 sive
898 4367 1126 4481 scriphrrae
1146 4372 1294 4486 legem·
1308 4387 1489 4485 spectes,
1519 4373 1607 4460 sive
1628 4376 1946 4484 notasrchrono-

387 4496 560 4612 logicas,
589 4504 677 4591 sive
703 4505 865 4591 anticae
891 4534 991 4600 cum
1017 4531 1160 4593 aversa
1192 4512 1453 4621 societatem,
1491 4513 1578 4597 sive
1608 4512 1807 4628 quidquid
1833 4515 1945 4607 aliud
