4012 5370
246 450 313 514 ΜΒ

240 597 443 683 Propertius,
462 616 525 680 quo
544 594 619 656 loeo
638 577 795 676 templum
811 592 983 676 Apollinis,

240 717 274 766 et
300 702 479 784 porticum,
504 710 538 760 et
564 696 737 759 constituta
758 694 805 755 ibi
828 693 984 757 antefacta

229 817 392 868 vrecenset
408 804 455 882 ·),
480 799 530 861 his
555 797 664 861 verbis
687 797 757 880 ejus
779 795 834 860 dei
855 796 983 881 signum

240 905 412 969 describit:

215 1009 232 1060 ‘·
307 1006 441 1069 Deinde
456 1006 545 1066 inter
561 1015 697 1065 matrem
720 1000 801 1061 deus
822 1001 908 1081 ipse,
934 1002 984 1062 in·

191 1098 196 1107 ’
603 1117 716 1179 terque
737 1122 897 1178 sororem,

344 1209 497 1288 Pythias,
520 1207 556 1265 in
586 1204 688 1284 longa
715 1205 866 1265 carmina
894 1215 983 1265 veste

326 1314 328 1319 “
602 1317 711 1365 sonat.

238 1412 393 1476 Ceterum
405 1407 585 1489 Augustum
600 1405 662 1488 jam
677 1418 750 1467 ante
764 1405 867 1466 aleam
876 1404 980 1465 Actio·

237 1535 308 1576 cam
327 1509 475 1594 Apollini
491 1507 592 1569 luisse
609 1506 727 1570 eximie
744 1505 908 1583 devotum,
926 1505 982 1567 tlo-

236 1628 313 1677 cent
328 1625 460 1674 auctore
478 1609 636 1670 Suetonio
653 1607 685 1689 b)
702 1611 746 1670 M.
759 1608 892 1669 Antonii
910 1609 981 1669 lite·

235 1737 308 1789 rae,
331 1712 498 1796 inquibus
518 1710 569 1773 hic
587 1709 801 1774 secretiorem
818 1709 889 1792 ejus
908 1729 982 1770 coe·

235 1838 308 1878 nam
329 1813 482 1888 traducit,
500 1835 582 1896 quae
599 1814 699 1896 vulgo
719 1806 911 1882 δωδεκαθεος
926 1829 979 1873 vo·

223 1917 385 1989 'cubatur,
412 1915 445 1975 in
469 1936 530 1998 qua
551 1915 689 1976 deorum
708 1913 906 1995 dearumque
928 1911 980 1971 ltn-

231 2017 300 2078 hitu
319 2015 514 2077 discubuere
528 2016 694 2092 convivae,
706 2017 778 2097 ipse
793 2035 874 2079 vcro
885 2013 980 2076 Octa·

234 2118 346 2183 cianus
364 2137 424 2199 pro
442 2116 595 2199 Apolline
614 2131 757 2180 ornatus.

596 2219 615 2257 ’β

493 2264 511 2300 s
700 2263 719 2300 s

394 2317 641 2386 AVGVSTVS.
668 2320 771 2386 DIVI.
796 2319 978 2401 F.Caput

395 2424 531 2481 nudum.

231 2524 319 2585 lM-P.
339 2521 378 2581 X.
399 2521 522 2589 SICIL.
554 2525 669 2584 Diana
690 2524 860 2582 succincto
882 2532 978 2581 stans

230 2627 263 2688 d.
281 2627 424 2698 lunatam,
445 2647 469 2684 s.
486 2644 610 2696 arcum,
628 2626 749 2683 comite
765 2642 855 2698 eune,
873 2624 975 2697 ctiam

229 2734 301 2789 sine
322 2729 392 2790 hoc.
415 2726 487 2791 AV.
505 2726 575 2787 ΑΒ.
598 2726 696 2806 (Mus.
715 2724 824 2804 Caes.)

292 2829 385 2890 Hunc
412 2849 558 2893 aversam
585 2827 648 2909 jam
677 2825 909 2908 explicavimus
934 2822 975 2887 ad

229 2930 270 2995 V.
288 2931 324 2994 C.
343 2929 416 3027 733.
511 2956 517 2962 ·

589 3013 609 3047 ῃ

486 3059 505 3096 ἅ
694 3059 713 3093 ὓ

392 3129 517 3189 Eadem
536 3134 683 3192 adversa.

227 3226 316 3294 llllP.
335 3231 377 3292 X.
402 3230 470 3293 Bos
486 3243 674 3307 cornupeta.
698 3229 768 3294 AV.
787 3232 856 3290 AR.
872 3231 972 3311 (Mus.

222 3332 339 3408 fiaes.)

290 3433 404 3497 Erizzi
424 3422 516 3498 men's
535 3446 604 3510 est,
625 3434 684 3494 lros
709 3431 860 3519 denarios
878 3450 972 3494 cusos

228 3554 300 3597 esse
329 3559 347 3596 n
368 3537 495 3598 Statilio
525 3538 633 3596 Tauro
661 3535 776 3596 lllriro
802 3534 971 3611 monetali,

226 3636 331 3720 iisque
357 3651 483 3699 taurum
508 3658 581 3699 cum
607 3636 775 3698 adlusione
794 3635 972 3697 adnomen

224 3738 394 3803 insertum.
430 3741 595 3801 Prolixnm
617 3741 687 3821 ejus
712 3759 810 3821 super
834 3737 898 3799 hoc
923 3759 971 3798 ar·

226 3853 382 3923 gumento
424 3840 686 3903 dissertationem
731 3839 971 3903 commentariis

225 3940 292 4003 suis
317 3940 454 4002 inseruit
481 3944 724 4025 Havercampus
747 3943 794 4023 ⁰),
833 3963 968 4025 eamque

226 4041 437 4118 sententiam,
461 4062 534 4104 eum
552 4043 585 4103 in
606 4045 801 4108 contrarium
818 4044 902 4106 nihil
917 4043 970 4106 ad·

225 4145 329 4220 feret,
351 4144 477 4206 calculo
500 4166 558 4208 suo
577 4147 748 4207 conlirmat
764 4148 885 4229 utique.
926 4146 970 4207 At

225 4268 287 4331 qus
311 4247 438 4309 ratione
462 4247 615 4330 componi
637 4246 721 4308 istud
747 4269 821 4309 cnm
845 4248 970 4310 Hater-

226 4350 331 4432 eampi
365 4349 475 4413 verbis
509 4363 633 4433 potest,
670 4370 751 4433 quae
781 4349 907 4431 saepius
934 4346 969 4408 iu

258 4575 291 4642 ι)
308 4571 341 4630 u.
353 4574 387 4631 n.
405 4574 478 4651 eng.
493 4589 537 4642 δι.
629 4573 664 4649 t)
685 4575 715 4632 tn
730 4575 804 4651 nug.
823 4587 902 4637 eno.
931 4592 935 4598 ·
996 4577 1033 4648 c),
1048 4560 1164 4634 uorem
1178 4578 1274 4655 tmpp.
1291 4580 1325 4639 r.
1336 4578 1357 4641 1.
1371 4587 1433 4652 aso.

219 4661 316 4737 supp.
332 4663 366 4721 Τ.
379 4665 400 4721 Ι.
418 4684 448 4743 p.
463 4668 526 4729 206.

843 422 1176 501 ,uvcvsrrs
1265 398 1271 423 “’

1040 593 1107 652 suis
1130 589 1171 651 nd
1192 587 1386 652 familiarum
1407 609 1524 654 numos
1546 600 1782 663 commentariis

1040 693 1198 767 inculcat,
1233 691 1424 757 Illvirorum
1452 715 1570 758 munus
1590 688 1781 765 circumacto

1041 815 1125 858 enno
1139 792 1303 857 exivisse?
1325 793 1473 858 videmus
1490 813 1620 876 autem,
1645 801 1780 867 eundem

1032 897 1126 960 'tauri
1149 911 1280 980 typum,
1317 897 1344 957 si
1369 898 1517 960 Morellii
1546 904 1654 966 numis
1685 902 1780 981 lides,

1042 1001 1157 1083 quibus
1180 1013 1271 1061 certe
1298 1020 1428 1062 omnem
1442 999 1568 1072 ,babuit
1590 1005 1780 1069 Havercam·

1041 1125 1118 1186 pus,
1158 1101 1299 1183 proponi
1330 1123 1403 1164 cum
1435 1102 1532 1165 variis
1564 1106 1702 1191 repetiti
1728 1109 1777 1171 im·

1039 1203 1125 1286 perii
1158 1201 1302 1265 numeris
1332 1202 1408 1266 inde
1436 1226 1455 1265 a
1480 1206 1538 1268 IX.
1568 1229 1674 1295 usque
1697 1210 1775 1287 xit,

1040 1304 1095 1388 qui
1126 1317 1217 1366 certe
1255 1304 1295 1367 nd
1327 1306 1440 1388 plures
1470 1327 1572 1369 annos
1607 1311 1772 1391 pertinent.

1040 1407 1194 1468 Ceterum
1221 1406 1292 1488 quis
1318 1407 1359 1468 sit
1382 1406 1477 1487 hujus
1500 1409 1570 1491 typi
1594 1412 1772 1493 explicatus,

1041 1508 1117 1591 quin
1145 1508 1342 1589 conjecturis
1369 1509 1577 1592 indulgeam,
1611 1513 1772 1578 adfirmare

1038 1628 1169 1672 vereor.
1211 1610 1295 1670 Sane
1314 1608 1477 1672 adsentire
1496 1590 1627 1697 neipneo
1650 1614 1706 1692 iis,
1727 1616 1773 1700 qui

1038 1709 1072 1769 in
1100 1710 1163 1772 hoc
1186 1724 1262 1793 typo
1285 1704 1518 1775 Thessalorum
1546 1717 1693 1799 equitum
1717 1733 1772 1781 tau·

1038 1833 1093 1872 ros
1117 1815 1150 1872 in
1170 1813 1266 1874 Circo
1287 1813 1475 1895 agitantium
1497 1803 1717 1897 spectaculum
1733 1821 1772 1883 ti·

1039 1911 1133 1987 dent,
1156 1901 1278 1996 dequo
1296 1914 1369 1976 ride
1390 1915 1616 2000 Scltlegelium
1639 1918 1681 1996 d).
1719 1922 1773 2004 Ty·

1037 2035 1097 2097 pus
1116 2015 1170 2074 hie
1188 2015 1302 2077 obvius
1319 2016 1397 2078 item
1415 2032 1464 2080 est
1484 2019 1516 2080 in
1536 2021 1643 2082 numis
1662 2023 1773 2106 Vespa·

971 2148 979 2163 ·
1037 2117 1118 2176 sinui
1137 2117 1243 2177 aureis
1260 2117 1424 2203 inscriptis
1443 2118 1538 2184 COS.
1556 2123 1612 2185 rel
1625 2125 1711 2188 tnss’.
1726 2146 1774 2191 ts·

1035 2217 1093 2280 riis
1111 2216 1265 2281 numeris.
1316 2261 1323 2274 ·
1422 2280 1427 2289 ,

1299 2350 1318 2386 s
1402 2303 1421 2340 ³
1507 2352 1529 2390 s

1124 2445 1128 2450 ’
1175 2422 1301 2483 Eadem
1318 2424 1467 2489 adversa.

1033 2521 1122 2583 IMP.
1142 2520 1182 2584 X.
1208 2525 1388 2602 Augustus
1402 2535 1541 2605 togatus
1563 2530 1601 2589 in
1623 2540 1774 2611 suggestu

1034 2623 1136 2683 sellae
1157 2619 1268 2684 curuli
1288 2625 1436 2687 insidens
1452 2638 1607 2707 acceptat
1622 2631 1714 2690 oleae
1727 2649 1775 2689 ru·

1033 2742 1113 2795 inas,
1128 2742 1208 2798 quos
1223 2727 1256 2784 ci
1269 2725 1354 2784 dirce
1361 2725 1477 2812 figure
1491 2729 1610 2790 viriles
1624 2731 1772 2815 offerunt.

1033 2823 1069 2883 ln
1083 2823 1153 2884 aliis
1163 2844 1178 2883 ε,
1196 2845 1263 2884 unu
1281 2837 1411 2886 tanturn
1425 2824 1545 2909 figura
1560 2850 1692 2909 ramum
1705 2830 1775 2915 offe·

1032 2945 1117 2988 rens.
1142 2925 1214 2990 AV.
1231 2925 1302 2987 AR.
1320 2927 1420 3002 (Mus.
1440 2928 1549 3006 Caes.)

1096 3029 1206 3106 Typus
1224 3026 1264 3088 ad
1279 3027 1435 3090 barbaros
1451 3053 1470 3092 e
1491 3027 1632 3092 Tiberio
1648 3043 1683 3094 et
1696 3030 1775 3092 Dru·

1031 3147 1070 3190 so
1085 3126 1242 3204 domitos,
1263 3150 1443 3214 pacemque
1456 3143 1613 3213 petentes
1626 3144 1758 3215 spectet.

1398 3233 1418 3271 ἢ

1294 3277 1313 3314 st
1485 3275 1523 3316 'st

1169 3331 1272 3397 Ate.
1296 3335 1400 3401 D1V1.
1427 3335 1645 3399 F.1MP.1.
1681 3336 1775 3400 Lana

1172 3437 1260 3494 inter
1274 3449 1396 3514 septem
1412 3439 1552 3501 triones.

1032 3532 1181 3601 SALVS.
1198 3534 1399 3600 GENERIS.
1413 3538 1605 3602 HVMANI.
1624 3540 1777 3603 Victoria

1029 3658 1056 3700 s.
1071 3638 1152 3714 pede
1162 3638 1262 3715 globo
1279 3641 1438 3699 insistens
1456 3641 1494 3700 in
1513 3640 1631 3721 cirpea
1644 3642 1771 3704 scribit.

1032 3737 1101 3800 ΑΒ.
1118 3737 1277 3817 (ΜοτεΙΙί,
1293 3739 1393 3802 Thes.
1404 3739 1527 3804 Brand.
1538 3742 1581 3804 Τ.
1593 3741 1633 3805 11.
1644 3764 1680 3825 p.
1690 3740 1775 3821 (toi.)

1094 3841 1216 3903 Censet
1235 3841 1401 3923 Begerus,
1425 3839 1597 3903 denarium
1626 3841 1714 3907 hunc
1735 3842 1774 3906 si·

1029 3956 1160 4026 gnatum
1184 3943 1284 4005 luisse
1307 3965 1325 4006 a
1345 3943 1505 4005 Lucretio
1530 3926 1660 4008 Trione
1687 3943 1775 4010 mri-

1025 4064 1083 4120 ro,
1113 4045 1186 4129 quia
1221 4044 1373 4125 inhujus
1401 4045 1508 4129 gentis
1532 4045 1644 4109 numia
1663 4046 1773 4109 similis
1804 4066 1814 4073 ·

1026 4159 1120 4228 typus
1144 4146 1353 4222 observatur,
1386 4160 1440 4209 aut
1467 4166 1509 4209 eo
1528 4148 1656 4233 respici
1678 4168 1772 4213 ress

1024 4249 1135 4312 Druso
1162 4270 1276 4312 versus
1305 4262 1431 4333 septem
1448 4248 1585 4325 triones
1612 4269 1772 4335 prospere

1011 4363 1141 4445 gestas.
1178 4354 1246 4415 Res
1267 4351 1401 4417 incerte.
1440 4349 1543 4446 Quod
1563 4350 1606 4414 ad
1628 4370 1769 4419 aversum

1530 4575 1567 4654 d)
1586 4576 1630 4635 ad
1646 4574 1765 4637 llorellii
