3998 5340
828 417 870 495 C.
904 418 1185 494 CASSIVS.
1723 442 1768 508 25

223 582 377 652 obtinuit.
400 588 499 653 Dioni
516 587 637 654 dieitur
655 591 671 654 ὀ
689 591 829 654 Kasossos
846 589 862 653 ὅ
877 585 972 671 Βςουέ
1026 625 1069 637 -
1087 586 1334 658 LENTVLVS.
1356 592 1494 657 SPINT.
1517 594 1708 671 Corneliae,
1729 630 1766 643 -

220 687 454 772 τοςὸΜιιςκας
472 694 512 772 ¹),
1029 691 1184 755 COSTA.
1217 693 1316 757 LEG.
1350 695 1515 759 Pedaniae
1546 732 1588 744 —
1622 698 1770 759 CASCA.

284 793 433 879 Nominis
451 797 539 859 IMP.
560 813 686 858 eausam
705 793 970 886 supratexpoeui
1028 791 1218 858 LONGVS.
1241 794 1402 859 Serviliae
1425 831 1467 844 —
1489 798 1525 863 C.
1545 798 1675 868 FLAV.
1698 799 1774 860 ΗΕ-

221 894 411 961 PROCOS.
426 895 556 972 dieitur,
572 894 646 978 quia
659 893 882 966 Macedoniam
896 914 972 979 pro·
1029 896 1119 960 ttlc.
1137 894 1238 959 LEG.
1258 894 1417 959 PROPR.

222 995 360 1061 vinciam
378 997 606 1082 proconsulari
624 1008 788 1079 potestate
802 995 897 1059 rexit.
1094 998 1178 1081 Typi
1199 997 1232 1059 in
1252 999 1302 1061 hia
1325 998 1407 1062 nihil
1425 1000 1630 1085 'magnopere
1652 1021 1774 1065 memo·

283 1103 410 1163 Names
435 1099 483 1162 sio
505 1098 679 1181 inscriptos
698 1097 792 1160 latias
811 1097 876 1161 hoe
896 1097 971 1161 loco
1029 1097 1134 1162 rabile
1162 1099 1324 1177 offerunt,
1352 1113 1391 1165 et
1418 1100 1474 1187 qai
1503 1101 1545 1164 nd
1571 1102 1659 1185 ipsos
1679 1102 1775 1165 Bruti

184 1191 188 1198 ’
221 1222 375 1266 enmrare
396 1219 673 1285 supervacaneum
690 1212 782 1282 puto;
803 1221 877 1262 nem
897 1221 971 1264 eum
1030 1200 1156 1283 legatos
1193 1201 1377 1284 pertinent,
1417 1223 1475 1267 eos
1506 1203 1541 1265 in
1572 1203 1775 1289 singulorum

224 1303 377 1388 plerique
406 1324 425 1364 a
456 1301 606 1386 quopiam
637 1300 731 1363 Bruti
758 1295 885 1385 legato.
916 1301 971 1365 rel
1030 1301 1172 1365 denariis
1202 1303 1381 1387 explicatos
1411 1304 1523 1372 habea.
1559 1309 1776 1370 Instrumenta

220 1417 458 1489 proquaeetore
484 1402 601 1488 signati
622 1402 703 1480 aiut,
726 1403 760 1463 iu
783 1403 902 1466 horum
924 1401 972 1487 ip-
1030 1400 1228 1487 pontificalia
1255 1426 1354 1490 saepe
1376 1408 1480 1470 Bruto
1502 1407 1701 1472 tribuuntur.
1733 1410 1777 1470 Et

222 1527 335 1569 eorum
360 1491 669 1586 moueta'deeoripti
688 1503 752 1588 jam
774 1517 859 1570 aaut.
889 1505 971 1567 Sunt
1028 1525 1110 1571 vero
1138 1505 1240 1570 fuisse
1264 1528 1340 1572 eum
1363 1509 1568 1593 pontificem,
1598 1490 1704 1574 innuit
1725 1510 1777 1571 Ci-

220 1622 343 1672 autem:
374 1610 420 1673 tt.
452 1606 695 1675 SERVILIVS.
724 1604 825 1666 LEG.
855 1638 897 1654 -
925 1604 966 1670 1..
1025 1607 1104 1671 ee'ro
1120 1608 1155 1669 in
1172 1609 1311 1694 epistola
1328 1612 1371 1679 V.
1389 1625 1423 1675 et
1437 1613 1509 1682 XV.
1529 1611 1571 1677 ad
1588 1612 1676 1676 hune
1692 1612 1775 1673 Bru·

222 1710 356 1775 SESTL
377 1707 514 1804 PROQ.
536 1742 578 1758 -
599 1708 638 1770 1..
660 1707 820 1771 PLAE'I'.
843 1706 965 1773 CEST.
1025 1720 1103 1773 tum.

379 2126 484 2190 Aurei
503 2147 576 2190 eum
592 2126 687 2188 Bruti
706 2125 813 2209 eapite
896 2159 1395 2176 ······

381 2228 543 2312 Argentei
562 2249 636 2292 eam
653 2226 772 2291 eodem

380 2330 543 2412 Argentei
559 2329 629 2394 eine
645 2329 710 2394 hee

772 2681 809 2744 0.
838 2677 1080 2746 CASSIVS
1109 2682 1225 2754 [MP.

281 2849 318 2914 C.
337 2847 465 2912 Caesius
487 2846 659 2930 Longinus
680 2847 789 2927 magui
813 2846 849 2908 in
871 2847 968 2929 hujus
1025 2846 1132 2920 bella,
1153 2844 1376 2929 Rhodiisque,
1400 2858 1433 2908 et
1453 2845 1572 2928 junctis
1594 2868 1668 2910 eam
1689 2851 1772 2912 Bra·

218 2949 292 3014 aevi
321 2950 457 3014 historia
489 2948 647 3025 nominis,
679 2947 738 3011 sed
768 2947 873 3011 samse
905 2969 969 3011 am·
1026 2961 1060 3010 to
1085 2946 1188 3030 copiis
1206 2945 1252 3010 ad
1275 2946 1444 3028 Philippos
1465 2966 1539 3009 eum
1557 2951 1603 3014 tt.
1619 2951 1773 3028 Antonio,

218 3052 355 3136 lsiguae,
392 3065 520 3116 notatae
548 3049 724 3134 praecipue
751 3072 771 3114 a
796 3049 970 3114 erudelita-
1027 3062 1061 3111 et
1089 3047 1270 3112 Octaviano
1303 3047 1393 3131 sigua
1422 3048 1569 3140 spailart,
1603 3052 1773 3137 vietusque

216 3170 270 3232 te,
293 3174 355 3239 qua
376 3154 410 3215 in
434 3154 538 3218 victos
560 3173 636 3215 asae
658 3163 719 3217 eat.
746 3155 793 3215 II.
816 3154 968 3216 Crassum
1026 3164 1122 3236 eaput
1145 3169 1242 3218 serve
1264 3131 1494 3236 amputandam
1517 3154 1657 3239 praebet
1677 3157 1718 3223 V.
1737 3157 1773 3224 C.

216 3258 259 3325 ad
278 3257 401 3322 bellum
418 3252 610 3320 Parthicum
633 3274 696 3339 pro
720 3266 895 3339 quaestore
919 3274 969 3318 ae·
1026 3270 1100 3331 7¹²·

217 3373 312 3427 cutus
342 3379 414 3423 ram
443 3359 624 3420 Romarm
657 3355 749 3431 alueis
784 3357 969 3423 temeritate
1041 3407 1045 3415 .
1286 3386 1306 3426 a
1496 3388 1516 3428 s

217 3465 253 3526 in
276 3461 415 3526 Oriente
437 3458 599 3545 perditam
619 3460 788 3544 praeclare
811 3459 968 3534 restituit,
1191 3457 1227 3522 C.
1243 3457 1406 3526 CASSEI.
1421 3461 1511 3526 tm).
1537 3464 1644 3547 Caput
1660 3464 1776 3528 mulie·

219 3565 413 3648 Syriamque
453 3559 577 3625 exactis
614 3562 745 3626 Parthie
783 3560 968 3626 vindicavit.
1188 3561 1246 3622 bre
1265 3562 1463 3626 laurentum.

218 3670 256 3729 In
287 3664 379 3730 bello
408 3663 498 3730 uirili
525 3676 636 3747 partes
665 3663 818 3747 Pompe?
847 3663 969 3746 ample·
1024 3661 1432 3732 SRSERVILIVSAEEG.
1448 3668 1553 3729 variis
1570 3669 1672 3750 typis,
1689 3685 1771 3744 quos

220 3781 357 3846 xusset
379 3763 669 3846 laurissensis
691 3764 827 3829 donatus
848 3786 868 3828 a
889 3765 972 3828 Cae·
1025 3766 1215 3843 explicatos
1241 3767 1316 3829 vies
1337 3769 1374 3829 in
1394 3780 1495 3849 gente
1518 3763 1673 3832 Servilio.
1701 3770 1772 3836 AV.

222 3890 315 3946 aare,
346 3884 381 3934 et
408 3890 473 3932 uua
499 3888 574 3932 eum
594 3869 699 3930 Bruto
720 3866 762 3931 ad
782 3880 968 3951 praeturam
1026 3866 1096 3930 AR.
1114 3867 1215 3949 (Illae.
1229 3868 1323 3933 Caes.
1342 3868 1477 3932 Morelli
1493 3867 1527 3932 iu
1542 3867 1617 3934 fam.
1632 3871 1738 3952 Casa.)

1392 3339 1413 3382 1

221 3984 411 4060 promotas,
438 3982 551 4034 auctor
578 3970 648 4053 ipae
677 3968 753 4032 huie
777 3968 969 4054 eonjarandi
1190 3967 1227 4034 C.
1249 3960 1770 4038 CASS1.11P.'LE1BERTA8.

219 4076 254 4137 in
277 4076 452 4139 Caesarem
482 4071 556 4152 luit.
589 4072 697 4154 IIujae
725 4071 825 4143 caede
851 4090 970 4156 perpe·
1192 4072 1299 4152 Caput
1320 4073 1479 4137 muliebre
1506 4078 1616 4138 nimbo
1643 4078 1776 4138 redimi·
1894 4102 1896 4107 ·

218 4190 301 4242 trata
332 4176 366 4238 iu
393 4169 519 4258 Syriam
550 4173 612 4237 eibi
641 4172 773 4259 pridem
802 4173 971 4238 decretam
1127 4165 1140 4181 '
1189 4186 1270 4251 tum,
1287 4177 1323 4236 in
1338 4177 1419 4238 aliis
1432 4189 1602 4261 praeterea
1617 4177 1774 4240 velatum.

220 4277 407 4355 contendit,
446 4297 524 4340 mex
554 4298 573 4338 a
603 4289 718 4341 senatu
747 4275 969 4340 confirmatam
1027 4275 1278 4345 LENTVLVS.
1295 4277 1433 4339 SPIN'I'.
1452 4279 1557 4340 variis
1570 4280 1675 4362 typis,
1693 4299 1775 4359 quos

220 4383 332 4448 addito
364 4381 517 4467 imperio.
560 4378 664 4446 Victis
699 4378 734 4439 im
764 4378 841 4442 Asia
870 4379 973 4442 Dola·
1027 4379 1215 4460 explicatos
1235 4381 1310 4444 vide
1329 4383 1366 4442 in
1386 4379 1552 4443 Cornelio.

258 4572 432 4647 s)1.xt.1.
446 4573 527 4645 §.ee

266 4665 455 4749 (VoI·VI.)
960 4754 962 4763 Ι
1255 4681 1259 4690 ’
1317 4725 1334 4751 0
1499 4660 1531 4719 D
1580 4714 1583 4721 .
