4012 5370
905 339 1108 412 TITVS.
1342 447 1346 456 Ι
1702 353 1774 430 30,

219 515 290 591 cius
320 526 478 585 mortem,
507 529 588 593 quac
617 510 651 568 in
677 505 864 592 Septembri
893 509 968 570 anni
1027 507 1173 571 Caesaris
1200 508 1306 572 numis
1329 493 1520 574 'constanter
1549 518 1780 598 postpositum,

217 616 385 699 sequentis
404 611 559 694 contigit,
585 631 793 694 percussum,
815 632 888 672 nam
912 632 969 674 ne·
1027 608 1147 672 deinde
1164 609 1197 670 iu
1216 611 1286 693 ejus
1304 611 1442 694 Augusti
1465 616 1572 679 uumis
1595 640 1776 702 praepone·

218 738 282 804 quc
311 717 387 781 trib.
416 729 559 798 potestas
584 715 639 789 X„
666 733 773 798 neque
795 713 867 789 XL,
898 713 968 796 qui·
1026 725 1136 788 retur,
1180 713 1447 799 scribereturque
1484 732 1643 801 perpetua
1681 722 1775 806 lege:

216 819 277 880 bus
299 840 359 901 per
377 816 465 878 istud
486 815 693 879 intervallum
711 815 876 897 praeditus
895 814 968 892 tuis,
1027 815 1114 876 [MP.
1143 815 1283 883 TITVS.
1309 816 1434 882 CAES.
1468 832 1529 882 stc.
1573 821 1609 882 Si
1637 823 1692 906 qui
1719 845 1777 886 nu·

219 922 358 1004 amplius
386 920 418 978 iu
449 918 518 979 ullo
547 931 778 982 memorantur.
821 917 874 980 Ad
902 917 967 980 hoo
1026 915 1072 977 mi
1090 915 1184 979 sliam
1202 932 1381 1002 sequuntur
1399 920 1526 1003 legem,
1548 922 1658 995 simut
1683 923 1776 987 Titus

218 1045 301 1107 orgo
339 1036 465 1103 tempus
496 1039 644 1101 magnum
672 1033 798 1101 partem
824 1020 968 1105 pertine·
1027 1018 1147 1081 Caesar
1171 1018 1300 1082 dicatur
1328 1023 1417 1086 ΙΜΡ.
1442 1023 1592 1098 TITVS,
1626 1036 1660 1085 et
1684 1023 1778 1086 Titus

216 1127 298 1186 bunt
323 1123 362 1199 ii,
388 1143 485 1206 quos,
512 1122 587 1205 quia
611 1123 699 1182 notis
723 1121 968 1205 chronologicis
1027 1122 1193 1202 Augustus
1220 1122 1351 1190 TITVS
1378 1124 1488 1201 tur„
1519 1137 1643 1186 certam
1670 1139 1778 1188 metue

219 1238 349 1299 carent,
374 1245 475 1306 vagos
498 1221 664 1306 appellare
690 1223 794 1288 soleo.
835 1222 969 1307 Copiosi
1026 1219 1149 1284 fraudis
1173 1222 1413 1306 suspicionem,
1444 1237 1499 1288 ant
1521 1231 1656 1288 numum
1685 1240 1778 1290 extra

217 1342 327 1390 eutem
351 1339 425 1387 sunt
452 1325 548 1388 aenei
571 1326 596 1387 l.
621 1336 654 1386 et
675 1325 715 1390 11.
738 1323 863 1388 formae
891 1339 968 1388 nota
1027 1322 1145 1385 urbem
1171 1323 1334 1406 signatum
1365 1339 1453 1410 puts.
1493 1325 1539 1388 lta
1564 1326 1780 1390 Alexandrini

218 1429 404 1492 consulatus
431 1429 519 1494 Vlll.
547 1426 710 1509 insignes,
739 1426 794 1511 qui
821 1426 907 1490 cadit
934 1427 969 1487 in
1027 1424 1133 1487 minus
1150 1425 1299 1509 religiosi
1315 1428 1547 1508 Auroramque
1564 1427 1693 1491 titulum
1711 1430 1779 1491 Titi

217 1551 337 1594 sunum
369 1540 559 1614 utrumque,
598 1548 717 1611 nempe
749 1530 791 1596 V.
826 1529 863 1594 C.
894 1527 974 1605 8³3,
1026 1526 1151 1589 numiui
1167 1527 1286 1611 passim
1305 1547 1539 1612 praeposuere.
1569 1528 1660 1592 idem
1685 1551 1779 1616 prae·

218 1647 253 1695 et
279 1631 352 1706 834.
1027 1628 1138 1711 ligitur
1156 1628 1188 1689 in
1210 1628 1315 1691 numia
1333 1629 1500 1712 inscriptio
1513 1623 1685 1692 ΕΤΟΤΣ.
1700 1627 1781 1692 ΝΕ·

261 1736 392 1794 Aeneos
411 1734 466 1792 lll.
483 1730 537 1794 vel
553 1732 610 1796 lV.
624 1728 767 1807 formae,
785 1730 873 1816 quod
892 1734 970 1795 cori·
1026 1724 1102 1792 OT.
1122 1723 1279 1805 IEPOT,
1303 1743 1372 1792 tum
1394 1743 1428 1794 et
1447 1731 1481 1791 iu
1504 1729 1655 1807 denario,
1680 1751 1777 1816 quem

219 1849 301 1910 stet,
322 1847 453 1896 moneta
470 1834 537 1896 Titi
554 1853 620 1895 non
640 1831 751 1896 offert.
1012 1828 1186 1913 ‘descripsi
1207 1830 1247 1892 sd
1261 1831 1302 1898 V.
1320 1831 1356 1896 C.
1373 1833 1454 1907 824,
1467 1831 1528 1895 sed
1548 1833 1603 1917 qui
1620 1833 1779 1896 verisimi-

1026 1931 1104 1994 liter
1116 1931 1260 2014 signstus
1274 1945 1324 1994 est
1335 1933 1471 2016 Ephesi.
1494 1936 1546 1997 De
1561 1934 1696 1997 denario
1706 1935 1774 1996 Titi

425 2051 597 2131 Tituli
644 2052 771 2128 Titi
1028 2033 1172 2117 Augusti
1185 2053 1258 2095 cum
1276 2034 1459 2118 postposito
1474 2036 1564 2100 lsss’.
1582 2035 1777 2121 ride,quue

1028 2135 1070 2196 sd
1088 2157 1205 2196 annum
1220 2135 1262 2201 V.
1282 2130 1395 2200 0832
1414 2137 1609 2200 monuerim.

468 2245 724 2325 Imperator.
1072 2235 1264 2329 Quaesitum
1286 2236 1326 2301 ab
1350 2238 1487 2302 eruditis
1508 2260 1647 2324 maguae
1674 2239 1779 2304 samse

262 2347 367 2427 Hujus
384 2345 468 2409 tituli
487 2346 575 2409 varia
591 2342 651 2404 fuit
669 2343 702 2402 in
722 2342 798 2404 Tito
814 2343 913 2419 ratio,
936 2355 970 2405 et
1027 2338 1126 2416 viris,
1163 2361 1204 2402 au
1237 2339 1350 2402 titulus
1381 2340 1588 2424 imperatoris
1618 2342 1694 2404 Tito
1728 2341 1783 2405 ad·

219 2451 260 2513 ab
287 2451 430 2513 omnium
461 2449 598 2512 aliorum
621 2446 796 2508 Caesarum
822 2445 970 2507 instituto
1027 2441 1092 2505 huc
1123 2440 1255 2504 Caesari
1286 2439 1413 2504 additus
1443 2442 1589 2520 indicet,
1622 2442 1734 2506 Titum
1763 2467 1782 2507 a

220 2552 391 2615 abludena,
415 2555 549 2614 Eccam:
1028 2557 1121 2627 patre
1156 2542 1314 2605 adscitum
1341 2543 1377 2604 iu
1408 2543 1557 2628 imperio
1587 2531 1785 2628 conlegam,

264 2657 304 2718 V.
323 2657 359 2719 C.
377 2656 449 2717 822.
470 2654 554 2726 823,
574 2647 781 2733 imperatoris
799 2645 894 2709 titulo
915 2645 969 2709 sb-
1029 2666 1070 2707 an
1084 2643 1290 2727 imperatoris
1305 2642 1468 2706 honorem
1484 2645 1515 2707 ei
1530 2669 1547 2709 a
1564 2644 1710 2708 victoriis
1727 2645 1782 2707 sle·

221 2760 329 2821 ,2an
1028 2746 1154 2821 latum,
1175 2744 1216 2806 de
1239 2763 1305 2828 quo
1331 2743 1437 2807 altero
1463 2747 1566 2810 titulo·
1587 2770 1664 2812 mox
1694 2750 1780 2814 inira

264 2862 302 2923 V.
328 2861 364 2921 C.
383 2860 463 2932 824,
495 2857 528 2915 in
552 2856 657 2917 narnis
681 2853 779 2938 primi
802 2848 969 2912 semestris
1028 2861 1155 2930 agetur.
1199 2845 1299 2907 Prior
1324 2846 1485 2909 sententia
1510 2848 1580 2910 sine
1607 2850 1706 2914 dubio
1733 2867 1780 2916 te·

221 2963 340 3025 dicitur
366 2957 780 3030 CAES.DESIG.1MP.,
804 2974 863 3014 seu
885 2953 970 3012 desi·
1028 2949 1136 3013 neuds
1158 2946 1367 3011 suadentibus
1391 2948 1477 3012 istud
1498 2971 1572 3014 cum
1596 2952 1778 3039 historicis,

218 3077 344 3146 gnatus
363 3068 556 3144 imperator,
580 3059 622 3121 de
641 3078 705 3141 quo
723 3054 797 3119 ride
817 3072 899 3137 quac
923 3050 971 3112 ‹li-
1028 3068 1097 3114 tum
1118 3051 1235 3114 numis.
1264 3049 1391 3113 Plinius
1412 3052 1552 3137 loquens
1573 3053 1615 3119 de
1640 3075 1779 3120 censura

222 3168 329 3228 ximus
359 3164 393 3224 iu
424 3175 553 3224 moneta
582 3157 773 3243 Vespasiani
808 3155 848 3218 ad
883 3155 969 3215 huuc
1028 3177 1046 3217 s
1072 3154 1273 3238 Vespasiano
1306 3153 1347 3220 V.
1374 3154 1411 3219 C.
1443 3155 1507 3218 eso
1535 3170 1624 3233 scta,
1658 3159 1780 3242 quique

222 3288 351 3332 annum.
397 3267 432 3325 ln
457 3263 561 3325 numia
590 3260 737 3345 ejusuem
763 3258 836 3321 anni
863 3256 969 3318 serius
1027 3256 1091 3319 hoo
1107 3256 1179 3339 ipso
1197 3269 1348 3338 tempore
1364 3256 1546 3319 naturalem
1569 3279 1659 3320 suam
1680 3259 1782 3324 histo·

222 3370 355 3453 signatis
379 3381 512 3430 vocatur
536 3367 575 3429 Τ.
601 3365 687 3424 ΙΜΡ.
711 3360 901 3432 CAESAR,
931 3378 967 3419 ac
1027 3357 1108 3420 riam
1131 3356 1276 3438 scripsit,
1302 3355 1346 3419 sit
1365 3359 1411 3438 ·)s
1441 3358 1590 3434 Census,
1613 3380 1708 3438 quem
1727 3366 1779 3425 in·

222 3472 401 3552 deinceps,
435 3467 541 3530 donec
572 3469 738 3550 Augustus
769 3461 872 3523 dictus
907 3472 968 3533 est,
1027 3473 1082 3522 tra
1100 3460 1356 3538 quadriennium
1375 3460 1443 3537 imp
1452 3469 1606 3519 aratores*
1621 3459 1781 3524 Caesares

222 3586 407 3639 constanter
428 3569 564 3632 dicitur:
589 3571 628 3631 Τ.
646 3565 768 3628 CAES.
787 3563 874 3626 1s1P.
899 3581 969 3623 suc·
1029 3562 1253 3642 Vespasiani,
1276 3570 1393 3641 pater,
1430 3555 1593 3642 filiusque
1628 3579 1781 3624 censores

223 3675 416 3740 cedentibus
443 3672 577 3753 reliquis
605 3669 716 3731 titulis.
764 3666 815 3728 Ab
842 3684 883 3728 eo
911 3662 970 3724 eti·
1027 3673 1175 3742 egerunt.
1197 3661 1293 3745 Ergo
1311 3658 1522 3744 imperatoris
1544 3679 1667 3724 nomeu
1691 3681 1779 3725 eom·

223 3801 274 3842 sm
295 3793 447 3860 tempore
473 3786 659 3835 constanter
677 3782 773 3852 caput
790 3769 968 3830 laureatum
1028 3782 1126 3825 mune
1141 3760 1204 3823 fust
1218 3773 1282 3825 tam
1296 3761 1396 3845 patri,
1410 3781 1504 3846 quam
1519 3761 1600 3826 lilio.
1623 3762 1699 3826 Tsto
1712 3764 1777 3826 Ro

224 3879 390 3965 preel'ert,
419 3895 610 3960 quamquam
635 3871 731 3934 etiam
760 3867 947 3931 radiatum
937 3888 971 3927 ιιι
1029 3886 1115 3927 mam
1131 3862 1265 3940 reduci,
1281 3884 1354 3927 cuns
1371 3862 1502 3928 adbuc
1493 3886 1528 3926 sn
1546 3863 1665 3928 stmere
1679 3877 1777 3940 esset

224 3983 374 4066 plumbus
390 4000 499 4042 aeneus
521 3980 561 4038 ll
583 3974 707 4035 formae
731 3971 856 4045 nuruis,
880 3981 971 4031 certe
1030 3964 1296 4042 nunciatumfuit,
1310 3965 1776 4030 esseseRomsenominutans

227 4104 389 4167 nunquam
405 4080 537 4142 nudam.
1028 4068 1279 4149 imperatorem,
1310 4081 1346 4130 ut
1368 4067 1474 4131 refert
1493 4069 1708 4131 Philostratus
1732 4064 1777 4149 b).

267 4187 309 4250 V.
338 4185 374 4245 C
404 4183 477 4244 832.
530 4180 622 4240 Titus
647 4180 827 4259 Augustus,
864 4186 898 4235 et
926 4172 971 4233 sa·
1029 4172 1137 4253 Atque
1158 4166 1201 4231 ‹le
1220 4167 1306 4232 bac'
1297 4169 1427 4254 imperii
1445 4169 1601 4234 societate
1620 4170 1777 4254 ospiensla

229 4303 313 4367 etum
333 4301 420 4357 tum,
447 4296 482 4344 ut
498 4303 532 4342 re
550 4265 670 4342 IMP.
662 4300 695 4338 ιιι
714 4275 879 4360 prioribus
905 4273 973 4334 Titi
1030 4268 1375 4336 suutvsrbsSuetonii
1389 4271 1437 4351 οι)
1455 4289 1614 4350 nequeea
1629 4280 1780 4345 eo(nsm·

227 4394 1775 4428 .....-----—-—-—----·--——--÷—---

265 4478 294 4545 a)
317 4473 552 4546 t..t'11.p.uos.
628 4470 663 4539 b)
684 4467 713 4522 iu
729 4463 827 4540 Apoll.
842 4462 935 4536 Tyan.
953 4462 984 4518 l..
1000 4460 1037 4520 V.
1057 4480 1083 4518 c.
1098 4474 1143 4526 30.
1218 4461 1249 4529 c)
1269 4459 1300 4514 its
1315 4458 1382 4515 Tito
1398 4477 1423 4516 c.
1440 4461 1467 4520 6.

273 4570 325 4644 (V
324 4567 367 4625 ol·
386 4567 419 4625 V
418 4564 461 4639 I.)
1484 4550 1509 4610 Ζ
1532 4572 1549 4611 z
