4012 5370
664 495 669 508 ·
717 460 767 535 u.
798 417 1071 536 luntres:

1597 469 1667 552 16³
1682 478 1685 491 '

201 623 216 698 l
240 633 342 720 gessit
366 634 407 703 V.
425 633 462 697 C.
489 655 585 717 717„
613 633 752 696 alterum
782 632 866 713 726,
921 645 957 724 ut
979 651 1111 695 omnem
1128 629 1239 714 juveni
1255 629 1397 696 affectati
1416 631 1547 717 imperii
1564 636 1688 721 suapt·
1720 710 1724 720 Ι

201 757 251 800 um
278 756 354 820 727.
400 735 487 828 Quin
512 749 546 797 et
571 756 654 796 anno
681 738 721 802 V.
741 735 778 797 C.
800 735 867 816 733
921 734 1050 796 cionem
1066 733 1242 810 adimeret,
1264 734 1297 795 in
1313 723 1670 821 Asiameonaeuit-e).

201 861 282 902 erum
306 839 368 900 sibi
395 845 560 920 Augustus
579 836 713 898 adscivit
737 836 808 898 deta
833 834 866 897 ei

201 941 434 1005 matrimonium
485 939 550 999 lilia
592 939 671 999 Iulia
708 936 783 998 inde
828 934 892 996 ab·

201 1043 287 1123 *73¹
312 1047 360 1106 Μ.
384 1040 535 1102 Marcelli
563 1037 675 1114 vidua,
711 1036 867 1099 suadente

201 1150 206 1204 l
223 1147 415 1206 Maecenate
436 1143 486 1204 bis
506 1139 631 1205 verbis:
655 1152 785 1202 tuntum
798 1141 868 1218 jam

201 1249 310 1329 ippum
332 1248 475 1329 fecisti,
509 1256 546 1304 ut
580 1242 634 1303 vel
660 1260 761 1321 gener
791 1254 869 1301 tuus

220 1348 277 1410 cel
298 1351 471 1408 occidatur
488 1364 617 1404 necesse
632 1345 677 1403 sit
699 1342 739 1422 ⁸).
771 1342 812 1406 V.
831 1341 867 1402 C.

201 1446 405 1509 tribuniciam
423 1447 454 1507 ei
471 1456 662 1528 potestatem
681 1441 818 1504 contu-lit
835 1439 867 1520 ¹³)

201 1547 259 1610 »δε
288 1550 331 1613 V.
358 1549 393 1611 C.
423 1557 480 1628 74¹
511 1547 544 1606 in
579 1542 666 1605 uliud
691 1543 870 1626 quinquen·-

201 1663 432 1734 tprorogatam
457 1653 494 1729 ο).
517 1649 612 1708 Anno
632 1645 762 1706 demum
779 1646 819 1710 V.
833 1644 869 1704 C.

204 1751 313 1816 redux
336 1773 355 1812 e
380 1751 470 1812 bello
489 1748 660 1810 adversum
683 1745 869 1807 Pannonios

201 1853 341 1937 lupatria
355 1850 471 1914 morbo
493 1851 669 1912 exstinctus
687 1861 737 1909 est
755 1866 867 1908 mense

201 1956 240 2017 ie
258 1958 408 2036 Augusto
425 1956 548 2014 Romae
567 1949 778 2033 quinquatrus
796 1968 890 2031 per·¹

201 2069 240 2118 tc
265 2054 309 2136 d).
345 2056 406 2123 Vir
422 2055 482 2116 fuit
499 2055 585 2114 iuter
610 2053 769 2126 summo‘s,
788 2070 869 2133 quos

201 2179 373 2242 tunquam
393 2157 486 2231 tulit,
511 2151 748 2226 numerandus,
774 2171 869 2233 quam

201 2281 253 2323 esu
283 2260 357 2339 jure
380 2257 443 2318 sibi
473 2256 612 2319 vindicat
638 2274 711 2317 cum
734 2264 871 2335 propter

201 2363 286 2424 bello
304 2382 343 2423 ac
367 2379 448 2443 pace
467 2355 724 2442 praeclarissime
743 2367 869 2436 gestas,

218 2462 308 2546 quod
342 2481 416 2522 cum
441 2459 499 2523 hac
523 2460 618 2522 laude
640 2455 870 2517 incredibilem

201 2566 401 2637 cntionem,
436 2583 510 2623 raro
541 2562 574 2621 in
602 2558 734 2621 bomine
762 2569 869 2618 tantae

201 2685 274 2728 snae
312 2663 482 2746 exemplo,
524 2660 710 2745 conjunxit,
750 2671 800 2732 ct,
843 2655 872 2717 si

201 2768 270 2850 ipps
306 2766 415 2827 minus
446 2779 495 2827 est
526 2764 560 2824 in
590 2783 648 2824 ore
685 2761 869 2834 hominum,

201 2880 330 2930 ntanta
352 2867 454 2929 virtus
479 2864 647 2930 videbatur
670 2859 871 2945 promereri,

201 2992 273 3033 tutu
290 2983 360 3045 est,
384 2969 470 3051 quod
492 2987 604 3030 rerum
622 2979 785 3047 gestarum
803 2962 873 3045 glo-

201 3099 207 3135 t
227 3071 333 3152 magis
358 3071 471 3134 virtuti
492 3067 648 3151 Augusti,
677 3087 770 3149 quam
796 3083 872 3126 sune

201 3172 331 3236 mudum
372 3170 465 3234 credi
494 3170 607 3233 voluit.
651 3167 703 3229 Ad
728 3168 872 3230 honores

216 3274 373 3349 necessit,
398 3273 461 3333 uisi
478 3271 519 3333 ad
537 3292 594 3335 eos
613 3283 764 3345 vocatus,
792 3267 874 3329 mul·

201 3398 241 3441 uc
270 3377 359 3439 ultro
389 3374 531 3450 oblatos,
569 3387 605 3435 ut
631 3370 811 3453 triumphos
834 3388 872 3432 ac

201 3501 257 3558 cs,
281 3491 433 3561 tunquam
455 3498 519 3538 non
546 3475 626 3550 sibi,
656 3473 715 3536 sed
735 3472 791 3534 uni
807 3471 874 3535 Att-

201 3602 221 3644 o
245 3578 392 3656 debitos,
415 3578 585 3642 recusavit.
624 3576 732 3659 Atque
752 3595 790 3637 ea
805 3575 874 3658 qui·⁴

201 3731 204 3743 .
229 3681 390 3745 modestia
410 3701 476 3743 non
503 3681 609 3744 solum
626 3698 740 3742 versus
756 3675 875 3761 princi·

201 3829 221 3865 ,,
240 3783 300 3848 sed
329 3783 400 3866 ejus
424 3784 521 3845 etiam
549 3782 681 3843 domum
703 3781 774 3843 luit.
818 3779 873 3840 Sar

201 3907 267 3952 tun
287 3888 453 3969 Augustus
476 3887 515 3952 V.
531 3885 567 3946 C.
589 3885 649 3966 73¹
672 3882 764 3966 gravi
788 3879 874 3943 valc-

201 4011 239 4055 ω
256 3988 299 4053 ud
315 4001 462 4051 extrema
474 3987 633 4050 deductus
649 4006 742 4047 suum
755 3982 875 4066 Agrip-

216 4093 376 4156 snuulum
404 4090 608 4165 tradidisset,
648 4104 786 4170 eumque
816 4083 875 4145 ho·

201 4214 243 4257 tm
264 4207 418 4279 tanquam
445 4192 508 4256 sibi
533 4191 677 4255 debitum
696 4187 874 4252 Marcellus

201 4297 308 4378 leret,
336 4298 407 4381 ipse
432 4307 584 4359 recreato
607 4315 683 4358 mox
707 4296 873 4376 Augusto,

213 4617 273 4676 Dio
287 4614 483 4692 1..1.1v.§.6.
573 4612 908 4688 b)1)iot,1.1v.§.st.
1001 4611 1212 4687 mitiusue.

201 4706 248 4771 lli.
268 4709 295 4783 §0
305 4718 342 4774 ὅο
354 4724 418 4785 seq.

924 835 1015 898 Nihil
1043 856 1124 900 vero
1153 836 1255 918 magis
1285 837 1465 914 admirere,
1496 861 1592 923 quam
1614 860 1671 904 ae·

926 936 1088 1021 quabilcm
1102 939 1184 1020 ejus,
1204 960 1241 1002 uc
1260 955 1419 1022 perpetuo
1438 941 1500 1002 sibi
1521 956 1673 1005 constan-

925 1053 993 1102 tem
1021 1040 1181 1123 propositi
1209 1041 1379 1106 rationem.
1429 1043 1621 1106 Nam'cum
1651 1055 1685 1107 u·

925 1155 1042 1203 tenero
1078 1140 1284 1218 instituisset,
1324 1163 1551 1206 onnesuum
1579 1145 1673 1230 iugc·

925 1242 1015 1303 stium
1031 1262 1068 1304 ac
1085 1243 1174 1304 vires
1186 1242 1226 1304 ad
1247 1265 1345 1304 unum
1365 1246 1544 1308 ornandum
1560 1247 1675 1330 Augur·

926 1357 1009 1406 stum
1039 1343 1211 1418 conferre,
1235 1345 1266 1404 in
1287 1365 1328 1406 eo
1345 1346 1483 1410 consiliu
1505 1368 1609 1432 esque
1630 1347 1676 1433 sd

925 1447 1011 1510 vitae
1031 1444 1129 1507 finem
1154 1447 1394 1528 perseveravit,
1425 1462 1458 1509 et
1487 1448 1515 1510 si
1542 1446 1674 1535 quando

926 1548 979 1610 hic
997 1547 1067 1630 ejus
1082 1548 1227 1609 'consiliis
1244 1568 1308 1609 uon
1324 1547 1584 1630 obtemperaret,
1604 1566 1673 1615 tan·

926 1663 994 1713 tum
1023 1648 1143 1724 abluit,
1182 1662 1217 1709 ut
1238 1651 1379 1711 animum
1402 1639 1599 1729 obstineret,
1616 1692 1619 1699 =
1637 1666 1673 1715 ut

927 1751 1024 1812 etiam
1053 1753 1236 1832 Augustum
1275 1753 1377 1814 multo
1411 1753 1472 1814 alia
1498 1755 1673 1816 uolentem

927 1851 1086 1936 egregie,
1104 1872 1141 1914 ue
1156 1850 1299 1914 fideliter
1317 1849 1493 1935 adjuvaret.
1527 1854 1582 1916 Sic
1597 1874 1673 1918 cum

926 1953 953 2015 is
968 1954 1023 2019 V.
1048 1953 1084 2014 C.
1121 1955 1194 2032 725.
1221 1952 1317 2016 bellis
1352 1952 1522 2018 civilibus
1541 1957 1673 2038 penitus

927 2053 1106 2138 profligatis
1137 2068 1251 2118 auctor
1280 2056 1420 2139 principi
1449 2056 1672 2121 restituendae

927 2157 1010 2239 reip.
1033 2167 1137 2232 esset,
1170 2155 1229 2218 sed
1261 2157 1314 2220 hic
1336 2158 1534 2223 Maecenatis
1563 2159 1674 2221 consi-

927 2258 1006 2320 lium
1033 2270 1163 2358 secutus
1186 2256 1401 2340 principatum
1428 2257 1573 2323 retinere
1598 2281 1672 2344 per·

928 2373 1042 2443 geret,
1064 2380 1131 2421 non
1148 2358 1247 2420 modo
1266 2359 1377 2444 inique
1397 2383 1462 2424 nou
1488 2363 1561 2424 tulit
1580 2384 1673 2425 suam

927 2458 1065 2522 fastidiri
1093 2460 1302 2536 sententiam,
1334 2484 1445 2526 verum
1477 2464 1574 2527 etiam
1596 2484 1674 2528 con·

927 2580 1025 2625 verso
1039 2561 1193 2638 consilio,
1221 2563 1378 2647 quidquid
1391 2566 1424 2626 in
1444 2587 1480 2629 se
1499 2580 1570 2629 crat
1588 2566 1677 2650 opis,

928 2662 969 2724 ad
1006 2661 1235 2725 stabiliendum
1267 2666 1432 2749 Augusto,
1468 2681 1511 2730 et.
1541 2666 1694 2729 sumini-s

930 2763 1093 2826 strandum
1130 2777 1242 2826 sancte
1276 2780 1310 2828 et
1337 2767 1466 2849 integre
1497 2766 1673 2850 imperium

930 2866 1082 2942 contulit,
1107 2865 1302 2948 effecitque,
1327 2881 1362 2929 ut
1379 2881 1432 2929 aut
1451 2889 1517 2930 non
1536 2871 1675 2933 sentiret

929 2966 1068 3049 populus
1110 2986 1303 3031 conversum
1343 2968 1426 3050 reip.
1449 2969 1586 3048 statum,
1620 2983 1675 3033 aut

929 3068 1115 3131 libertatem
1139 3082 1287 3133 veterem
1315 3091 1380 3132 non
1397 3091 1597 3155 magnopere
1619 3071 1676 3135 dc-

930 3168 1100 3235 sidersret.
1144 3169 1219 3262 Quo
1235 3172 1406 3255 praeclaro
1429 3172 1576 3238 instituto
1597 3195 1676 3239 cou-

930 3285 1060 3335 secutus
1086 3284 1153 3350 est,
1182 3286 1309 3336 utnon
1336 3275 1473 3340 baberet
1498 3278 1689 3364 antiquita&

928 3373 1108 3458 perfectius
1125 3374 1213 3438 aliud
1238 3396 1353 3440 eorum
1377 3379 1563 3463 exemplar,
1592 3365 1676 3465 quos
1765 3382 1767 3385 ’

929 3475 1094 3539 ministros
1109 3477 1236 3560 regios,
1265 3493 1319 3540 aut
1342 3479 1546 3545 consiliarios
1564 3481 1675 3564 appel·

930 3578 1047 3655 lamus,
1087 3592 1183 3663 utque
1222 3579 1292 3659 ipse
1326 3601 1344 3642 a
1377 3579 1463 3642 fastu
1491 3581 1596 3656 omui,
1621 3603 1673 3646 ac
1744 3633 1749 3643 ,

930 3679 1105 3742 ambitione
1140 3678 1265 3741 alienus
1291 3681 1394 3763 major
1422 3696 1509 3747 esset
1535 3682 1674 3762 invidia,
1755 3676 1756 3679 ¹

930 3802 1012 3867 quae
1039 3782 1140 3864 vulgo
1166 3779 1367 3846 inconsultus
1391 3784 1575 3870 principum
1599 3784 1677 3849 ami·

930 3903 989 3947 cos
1014 3880 1100 3946 solet
1118 3895 1283 3948 evertere.
1324 3886 1405 3948 Cum
1429 3885 1550 3953 bellica
1571 3886 1693 3973 glotis.-

929 3983 1018 4067 pacis
1033 3983 1130 4048 etiam
1146 3999 1232 4048 artes
1246 3988 1382 4073 egregie
1392 3990 1570 4072 conjunxit.
1591 3990 1674 4061 Cum

931 4085 1125 4149 seditionem
1133 4109 1188 4152 res
1197 4076 1363 4172 spectabat
1379 4112 1437 4155 seu
1453 4092 1487 4152 in
1504 4091 1597 4167 urbe,
1616 4110 1675 4152 seu

930 4187 1124 4271 provinciis,
1146 4205 1277 4275 praesto
1298 4192 1452 4255 continuo
1473 4192 1533 4254 suit
1556 4190 1675 4274 Agrip·

930 4312 972 4375 pu
995 4290 1036 4354 ub
1054 4294 1202 4377 Augusto
1225 4295 1361 4372 missus,
1387 4293 1478 4377 cujus
1494 4291 1675 4377 praesentis

1300 4610 1489 4689 nunus*
1569 4614 1597 4688 e)
1615 4613 1672 4673 uto

1377 4793 1449 4854 xa
