3998 5340
753 451 890 528 sSEX.
921 453 1229 530 POMPEIVS.
1508 400 1512 403 a
1727 481 1776 558 ‘19

223 619 298 708 EX.
311 619 345 685 S.
357 619 394 685 C.
419 618 599 702 Tropaeum
617 623 737 686 novule
751 622 872 707 Seflue
885 627 976 689 enni·
1028 622 1112 688 saris
1139 644 1257 689 necem
1275 625 1389 691 Asinio
1410 625 1584 706 Pollione,
1612 642 1649 695 ut
1677 652 1775 716 supra

161 720 167 734 '
226 721 532 786 demonstrabit.
557 724 657 805 (Mus.
674 723 784 801 Caes.)
1031 725 1190 804 diximus,
1225 748 1299 792 oum
1321 743 1496 812 augeretur
1517 728 1590 817 ojus
1610 734 1774 816 potentia,

187 895 192 902 Ι
228 882 235 895 ,
327 824 533 891 NEPTVNI.
565 828 674 906 Caput
698 826 847 908 Pompejs’
863 828 976 908 putris
1029 828 1190 911 perfecit,
1214 843 1249 891 ut
1272 850 1314 892 ex
1338 831 1371 895 S.
1395 832 1431 893 C.
1451 851 1518 893 uon
1538 832 1638 896 modo
1660 856 1717 897 sna
1734 835 1775 897 si·

319 944 401 1004 pror
414 945 479 1003 quo
499 926 642 1001 tridens,
664 927 754 1009 irfio
766 927 950 1011 delphinus.
1030 926 1065 991 bi
1087 929 1171 994 bona
1192 928 1431 1007 redderentur,
1462 932 1522 994 sed
1541 935 1640 997 etiam
1661 937 1774 999 classis

228 1021 615 1118 Q.Nas11t1vs.tvavts
630 1038 783 1108 turgente
799 1032 880 1106 nelo,
894 1031 971 1110 juu-
1025 1030 1203 1114 imperium
1224 1032 1502 1109 committeretur,
1532 1053 1596 1116 qno
1619 1035 1680 1096 etsi
1702 1036 1777 1096 sub·
1815 1045 1818 1047 ’

227 1149 263 1188 ra
282 1141 423 1188 ostrum.
443 1125 750 1204 alarionem.)
1029 1132 1106 1196 inde
1128 1147 1246 1215 ugente
1270 1132 1450 1198 Octaviano
1470 1134 1672 1215 privaretur,
1695 1133 1774 1196 olas·

291 1229 329 1288 ln
358 1225 409 1290 bis
438 1226 545 1290 numia
572 1226 637 1311 jum
655 1250 700 1295 so
728 1232 971 1297 IMPerutorem
1019 1254 1099 1297 sem
1120 1233 1256 1297 retinnit
1276 1247 1401 1310 tamen,
1423 1254 1563 1318 eumque
1589 1253 1665 1298 sese
1687 1235 1776 1318 paul-

226 1329 389 1390 t'rffltum
420 1329 572 1412 appellat.
615 1332 798 1417 Imperator
826 1337 971 1416 primum
1019 1335 1064 1398 .lo
1087 1349 1160 1417 post
1180 1335 1400 1420 proscriptum
1418 1335 1644 1420 intelligeret,
1679 1355 1775 1399 occu·

226 1430 332 1492 dictus
362 1427 490 1493 videtur
514 1449 560 1493 ex
589 1433 688 1497 rebus
715 1433 821 1498 adbuc
837 1434 882 1495 in
913 1437 972 1496 Hi·
1021 1449 1100 1520 pata
1121 1438 1276 1501 continuo
1299 1437 1411 1503 Sicilia
1432 1436 1497 1501 vim
1520 1434 1691 1520 opposuit,
1722 1459 1774 1500 su·

225 1532 336 1616 eperia
358 1520 526 1616 praeclare
557 1534 668 1614 gestis.
700 1537 875 1599 Nemeum
896 1551 971 1620 post
1026 1559 1125 1621 usqne
1151 1537 1283 1603 fortiter
1303 1541 1390 1602 ultus
1405 1538 1617 1620 injurias‘seu
1633 1538 1775 1604 interce·

225 1635 351 1698 cladem
380 1631 598 1696 Mundensem
619 1636 708 1700 vires
730 1638 849 1700 iterum
866 1638 970 1702 colle·
1025 1639 1089 1722 ptis
1116 1640 1251 1704 naribus
1280 1639 1519 1714 frumentariis‘,
1558 1660 1619 1704 eeu
1637 1640 1772 1702 multuo

224 1737 343 1820 gisset,
363 1755 437 1798 cum
453 1734 568 1811 Asinio
585 1738 737 1802 Pollione
751 1759 969 1823 congressus,
1025 1739 1198 1825 aliquoties
1228 1740 1399 1803 Octaviani
1427 1740 1532 1802 classo
1554 1740 1696 1822 perfecit
1717 1739 1773 1811 ‹le-

221 1859 318 1922 quem
340 1840 365 1904 1.
388 1839 509 1901 Caesar
531 1837 573 1902 ad
600 1839 754 1902 tuendam
780 1841 969 1926 Hispaniam
1025 1826 1144 1927 nique,
1166 1855 1201 1904 ut
1218 1840 1327 1905 Illviri
1344 1840 1432 1922 pacis
1450 1861 1528 1904 oum
1552 1861 1593 1908 eo
1614 1840 1777 1903 conditio·

218 1942 371 2018 miserat,
408 1941 571 2024 insignem
603 1940 772 2005 victoriam
798 1944 911 2006 retulit
927 1949 967 2025 Ι).
1024 1965 1086 2007 nes
1106 1943 1191 2006 inire
1213 1955 1429 2024 cogerentur,
1454 1956 1490 2004 nt
1510 1941 1672 2026 principio
1695 1939 1771 2002 dixi.

220 2045 344 2106 Auctns
383 2041 504 2105 deinde
534 2063 689 2106 numerus
719 2065 760 2107 ex
786 2045 893 2129 eliqua
924 2045 969 2110 vi·
1025 2047 1107 2113 Cum
1122 2044 1221 2130 igitur
1237 2039 1356 2106 Sextus
1372 2042 1484 2126 priore
1500 2028 1775 2106 senatusconsul-

220 2145 323 2207 ctoria
361 2143 538 2221 maritima,
597 2165 734 2227 quarum
772 2147 886 2230 plures
925 2146 967 2211 de
1024 2162 1059 2210 to
1084 2160 1203 2223 staret,
1226 2145 1375 2229 perrexit
1392 2145 1682 2227 praefecticlnesis
1698 2144 1773 2207 titu-

220 2246 393 2312 Octaviuni
413 2245 586 2308 classiariis
608 2246 736 2324 retulit,
780 2246 822 2309 de
851 2247 967 2330 quibua
1024 2250 1093 2312 lum
1114 2247 1220 2310 numia
1237 2248 1302 2310 anis
1320 2246 1514 2311 inscribere.
1547 2246 1632 2314 Vide
1655 2245 1698 2308 de
1722 2246 1772 2308 hia

219 2347 312 2412 inira.
376 2349 452 2409 Non
481 2346 679 2410 omittendus
708 2347 774 2412 hoc
804 2349 880 2412 loco
909 2373 968 2413 nu·
1024 2348 1524 2432 Dionemb),etvatteinmc).
1554 2348 1689 2411 Adhuc
1709 2371 1773 2412 ma·

218 2472 291 2514 mna
312 2448 547 2525 Morellianus,
570 2449 614 2510 «in
636 2449 728 2532 cnjus
751 2451 853 2514 antica
876 2450 965 2515 idom
1022 2456 1070 2515 ris
1089 2451 1283 2536 imperium,
1313 2463 1382 2512 tum
1398 2448 1604 2514 et'victorin
1621 2450 1703 2512 mari
1721 2471 1773 2513 re·

220 2565 270 2614 est
289 2564 400 2635 typus,
430 2552 486 2636 qui
508 2550 701 2615 indenario
725 2572 767 2614 ex
786 2553 888 2616 citatis
910 2558 965 2619 lll.
1024 2554 1104 2617 latos
1131 2551 1256 2616 adludit
1280 2552 1437 2636 frequens
1452 2551 1485 2612 in
1508 2551 1600 2614 Sexti
1629 2551 1771 2615 denariis

218 2652 330 2716 addito
361 2653 459 2715 etiam
489 2654 576 2718 tttP.
605 2655 740 2729 tren„
778 2653 812 2714 in
834 2668 965 2717 aversa:
1015 2661 1119 2739 'typus
1134 2655 1295 2738 Neptuni,
1315 2667 1369 2716 snt
1383 2653 1485 2717 navis.
1796 2653 1800 2657 ’

220 2756 309 2819 lttP.
338 2755 438 2816 TER.
478 2757 673 2837 Tropaeum.
722 2757 807 2816 Eum
843 2757 968 2819 Haver-
1054 2745 1056 2748 ’
1088 2758 1283 2822 NEPTVNl
1298 2755 1452 2836 scriptum
1469 2754 1557 2836 juxta
1570 2754 1772 2835 capntPom·

220 2876 352 2938 campus
383 2852 487 2916 refert
513 2854 554 2915 ad
583 2855 751 2920 victoriam
779 2855 820 2918 ad
843 2859 968 2918 Tauro·
1024 2857 1175 2938 pejild.,
1206 2854 1434 2936 etlegendum
1451 2852 1771 2934 NEPTVNlfilius,

220 2957 379 3032 menium,
406 2975 447 3017 ex
468 2976 549 3039 qua,
580 2970 615 3018 nt
637 2956 687 3017 illi
709 2956 854 3032 videtur,
878 2958 967 3020 1n1P.
1026 2975 1123 3040 quem
1138 2975 1174 3017 se
1186 2974 1259 3016 esse
1274 2955 1441 3036 protessus
1458 2969 1507 3018 est
1517 2956 1645 3016 Sextus.
1661 2953 1773 3013 Enim·

220 3060 321 3124 TER.
352 3058 452 3120 luerit
480 3056 706 3140 compellatus.
759 3059 803 3118 At
831 3056 967 3136 mirum,
1025 3078 1107 3122 vero
1123 3069 1209 3120 teste
1223 3055 1331 3119 Dione
1348 3056 1379 3138 d)
1394 3070 1429 3120 et
1446 3056 1595 3139 Appiano
1611 3057 1639 3133 e)
1657 3075 1698 3116 er
1714 3054 1772 3114 nli-

218 3162 355 3222 Sextum
399 3160 433 3219 in
478 3157 597 3220 eodem
636 3179 735 3221 numo
775 3157 839 3222 dici
876 3161 966 3225 lMP.
1024 3172 1105 3243 quot
1123 3159 1274 3223 secundis
1292 3159 1372 3222 mari
1388 3157 1543 3222 adversus
1557 3159 1772 3221 Octavianum

218 3263 335 3324 tren.
368 3261 502 3323 ethP.
517 3263 618 3324 TER.
646 3262 680 3323 Si
696 3261 882 3324 reflexisset
900 3263 967 3324 anl-
1023 3246 1228 3325 successibus
1246 3259 1329 3324 adeo
1344 3261 1467 3324 animos
1483 3259 1614 3335 extulit,
1632 3272 1668 3321 nt
1684 3260 1771 3342 Nep-
1866 3277 1869 3282 ·

217 3386 307 3427 mum
328 3361 368 3426 ad
392 3384 526 3424 numum
548 3364 636 3428 Vlll.
664 3362 771 3427 tabula
788 3365 828 3429 V.
858 3365 965 3447 gentis
1022 3362 1092 3424 tuni
1102 3383 1138 3425 se
1147 3362 1363 3448 liliumpalam
1372 3363 1487 3440 ferret,
1496 3362 1671 3444 praecipue
1682 3362 1771 3444 qnod

218 3465 379 3530 Antoniae
391 3463 477 3548 apud
491 3463 699 3540 Morellium,
712 3455 856 3542 vidisset,
874 3488 965 3528 aver-
1023 3477 1056 3526 et
1072 3477 1166 3546 pater
1186 3467 1256 3547 ejus
1277 3465 1450 3549 imperinm
1468 3458 1630 3547 quondam
1643 3461 1772 3523 mariti·

219 3591 287 3633 sam
301 3568 397 3650 hujus
414 3565 538 3628 denarii
554 3566 595 3631 ad
608 3569 655 3631 tt.
671 3565 848 3629 Antonium
865 3568 963 3650 perti·
1021 3586 1109 3626 mum
1131 3566 1312 3641 habuisset,
1335 3587 1397 3649 pro
1418 3566 1560 3648 puniceo
1579 3561 1770 3626 caeruleum

218 3691 316 3748 nere,
337 3690 435 3754 quem
456 3668 540 3731 adeo
556 3669 609 3734 vix
634 3668 780 3732 dubitem
798 3670 962 3732 excubae·
1020 3666 1284 3749 paludamentum
1302 3679 1465 3740 sumeret,
1484 3679 1517 3728 et
1539 3683 1641 3746 equos
1666 3663 1768 3728 viros·

219 3771 296 3834 ratis
315 3792 416 3833 unum
430 3791 514 3835 ease.
534 3772 607 3833 Non
622 3791 704 3854 ergo
724 3791 766 3833 ex
783 3772 846 3834 hoc
864 3791 963 3834 nomo
1021 3769 1188 3853 que'rivos
1204 3771 1238 3832 in
1254 3790 1343 3832 mare
1357 3768 1524 3850 abjiceret.
1539 3765 1589 3827 Ad
1603 3767 1685 3828 hano
1697 3766 1769 3844 ojus·

219 3874 312 3956 argui
329 3886 454 3955 potest,
475 3873 608 3935 Sextum
629 3873 728 3935 tertio
747 3871 848 3937 fuisse
863 3872 964 3936 accla-
1019 3872 1118 3933 animi
1135 3872 1359 3956 impotentiam
1377 3868 1496 3932 adlusit
1511 3868 1666 3963 Horatius
1688 3867 1727 3950 s):

219 3989 340 4039 matum
355 3973 598 4057 imperatorem.
1088 3977 1135 4037 Vt
1158 3996 1261 4057 nuper
1278 3987 1374 4038 octus
1392 3980 1469 4035 curn
1482 3975 1578 4057 fretu
1591 3964 1727 4034 ‘Nurr
1724 3973 1768 4030 V·

281 4076 524 4138 PRAEFeotus
559 4076 732 4139 .CLASst's
777 4075 962 4140 ETORAE
1575 4070 1657 4136 2le
1659 4071 1684 4136 S

221 4180 450 4240 nauffinna
468 4178 537 4240 Ex.
554 4177 587 4242 S.
604 4179 641 4239 C.
660 4179 693 4238 in
714 4176 879 4262 plerisque
899 4179 964 4240 suis
1128 4174 1342 4258 DVXfugr‘t
1362 4176 1450 4237 ustis
1471 4175 1618 4235 nuribut.

220 4282 325 4345 numia
345 4279 474 4346 dicitur,
500 4278 661 4341 Nimirum
686 4278 773 4345 victo
796 4282 965 4363 postCse·
1021 4276 1146 4340 Eadem
1167 4277 1293 4340 insania
1313 4275 1378 4358 jani
1400 4274 1479 4337 olim
1498 4275 1616 4352 Clitus,
1640 4288 1766 4359 postea·

223 4464 1769 4501 W

256 4620 288 4688 a)
307 4616 363 4673 Dio
376 4615 409 4671 L.
422 4611 509 4669 XLV.
528 4612 552 4685 l.
566 4622 608 4670 to.
699 4608 736 4680 b)
756 4608 788 4666 L.
802 4610 889 4668 XLV.
908 4622 949 4668 to.
968 4609 999 4667 L.
1014 4606 1130 4666 XLVII.
1146 4621 1187 4668 tt.
1207 4605 1383 4664 1..va111.
1399 4619 1440 4668 17.
1535 4608 1566 4679 c)
1582 4609 1612 4665 L.
1628 4608 1664 4666 11.
1682 4625 1706 4663 c.
1717 4616 1764 4668 73.

224 4704 257 4776 d)
277 4707 308 4762 L.
323 4703 454 4764 XLVlll.
468 4705 491 4776 §.
502 4714 544 4774 19.
564 4712 648 4768 etue.
743 4701 774 4771 o)
794 4700 865 4757 Bell.
882 4699 938 4756 civ.
953 4698 985 4754 L.
999 4698 1035 4760 V·
1051 4713 1147 4761 c.100.
1240 4696 1267 4773 ,sl
1286 4694 1381 4773 Epod.
1397 4695 1446 4753 IX.
1460 4707 1487 4758 7.
