4012 5370
223 464 293 530 550
836 436 1156 513 AMINOVS.

218 616 288 700 ejas
309 611 413 674 ramis
430 605 670 671 Alexandrinis.
704 606 875 690 sepultam
891 606 967 669 suia·
1024 607 1147 691 pictas,
1175 625 1234 671 seu
1258 608 1365 692 sigas,
1381 606 1551 692 oleraque
1580 612 1678 695 cultu
1701 610 1783 675 adsi·

221 736 256 778 se
271 710 497 793 Antinoopoli,
519 720 657 772 testatur
669 707 880 791 Epiphanius.
903 710 967 785 Ea,
1025 707 1132 772 mitari
1155 708 1288 772 Baccho
1314 709 1436 772 adserit
1455 708 1494 789 s).
1539 710 1707 777 Aversam
1723 712 1782 776 Ce-

220 835 302 899 qaae
332 811 490 888 diximus,
525 823 618 893 capta
655 823 730 871 suat
764 829 806 871 ex
836 808 965 883 Dione,
1024 810 1128 887 reris,
1163 823 1218 872 aut
1249 810 1360 874 verius
1397 811 1620 895 Proserpinae
1650 812 1780 901 erudite

222 914 392 999 Spartiano
409 914 457 993 ¹),
499 910 636 979 Victore
651 908 700 991 ¹¹),
744 910 965 989 Pausaniae),
1023 910 1179 993 llaymius
1194 931 1239 977 ,ex
1249 911 1391 975 Arriano
1408 912 1569 995 explicat,
1590 914 1689 997 cujas
1709 934 1780 983 ver·

218 1018 317 1081 Saida
339 1014 389 1097 d),
413 1027 481 1077 tum
499 1012 618 1098 passim
636 1032 676 1076 ex
698 1010 843 1095 patribus
861 1010 967 1075 eccle·
1023 1010 1065 1075 ba
1083 1024 1157 1074 saut
1173 1013 1222 1093 g):
1246 1017 1350 1075 etiam
1371 1014 1599 1077 Athenienses
1619 1016 1781 1098 (quornm

219 1119 298 1183 me.
1024 1113 1135 1177 coloni
1151 1113 1246 1178 fuere
1265 1114 1480 1197 Adramyteai
1498 1114 1647 1197 Mysiae,
1680 1116 1779 1201 hujus

1023 1214 1113 1277 numi
1131 1218 1297 1298 auctores)
1317 1216 1488 1279 Bacchum
1506 1217 1622 1293 Iovis,
1647 1230 1683 1280 et
1703 1222 1781 1282 Pro·

1022 1316 1300 1401 serpiaasfilium
1317 1318 1451 1393 colunt,
1474 1318 1643 1381 drasam
1659 1320 1704 1379 ab
1717 1320 1780 1382 hoe

1022 1420 1175 1495 Baccho,
1196 1431 1231 1479 et
1244 1416 1388 1479 Iacchus
1411 1420 1574 1501 mysticus
1590 1419 1675 1480 huie
1694 1420 1778 1481 Boe·

277 1523 393 1604 Neque
420 1524 541 1597 Roma,
564 1538 670 1603 neque
696 1520 821 1582 Romae
846 1531 967 1583 metro·
1028 1518 1107 1593 clio,
1124 1539 1188 1580 non
1206 1518 1359 1581 Thebano
1376 1518 1449 1597 illi,
1467 1520 1648 1584 accinitur.
1679 1518 1775 1584 Addo

219 1623 305 1704 polis
330 1624 483 1705 exemplo
506 1621 655 1685 coioniae
681 1633 844 1682 monetam
879 1641 969 1682 snam
1026 1637 1171 1681 marmor
1186 1616 1419 1681 Grararianam
1442 1617 1584 1681 dicatum
1600 1618 1795 1687 Fanum·
1830 1668 1837 1695 ,

220 1723 403 1808 famigerati
418 1725 513 1808 hujus
530 1723 630 1787 scorti
645 1721 787 1804 imagine
807 1721 971 1803 inquinari
1028 1718 1223 1781 AGONIAE
1248 1752 1262 1769 ·
1284 1755 1297 1768 -
1321 1755 1336 1767 -
1361 1718 1606 1782 sacuam.
1639 1722 1772 1790 APVD.

222 1846 334 1910 passae
353 1839 438 1889 suat.
468 1826 554 1888 Solis
570 1824 669 1907 igitar
685 1821 820 1885 urbibus
834 1822 985 1887 Graecis·
1028 1820 1297 1889 ELEvstttAra.
1316 1817 1423 1884 ΠΕΟ.
1443 1820 1621 1886 laccno.
1644 1822 1775 1887 CERE-

224 1942 437 1995 conservatae
453 1924 589 1989 Antinoi
617 1924 794 1985 memoriae
818 1924 887 1990 sive
912 1924 969 1988 be·
1025 1924 1082 1989 nt,
1113 1925 1184 1986 ΕΤ.
1221 1920 1382 1985 cottae,
1411 1918 1455 2003 Β).
1500 1922 1661 1989 Habuere
1697 1946 1776 2011 ergo

222 2029 394 2104 aeficium,
429 2028 498 2093 sire
521 2025 665 2091 dedecus
687 2023 859 2104 debemus,
893 2046 970 2111 qua·
1027 2022 1239 2119 Adramyteui
1264 2022 1431 2086 Bacchum
1455 2044 1550 2088 suum
1582 2026 1682 2093 ducta
1702 2028 1777 2092 reli·

220 2154 294 2195 rum
320 2131 376 2194 hic
400 2150 517 2193 numos
542 2128 670 2192 omissis
692 2126 780 2204 aliis,
817 2126 872 2211 qui
898 2126 969 2210 ejus
1028 2126 1127 2212 gione
1142 2124 1299 2203 Athenis,
1329 2137 1384 2189 aut
1408 2122 1460 2187 his
1479 2122 1588 2189 vicina
1605 2128 1774 2204 Eleusine,

221 2235 391 2297 historiam
408 2254 476 2297 uon
490 2231 672 2305 illustrant,
691 2226 854 2310 alphabeti
869 2226 971 2290 Grae·
1029 2250 1126 2312 quam
1146 2243 1181 2292 et
1200 2249 1336 2302 numus,
1359 2240 1393 2289 et
1412 2247 1559 2290 marmor
1576 2230 1775 2295 taccnvu

221 2338 252 2399 ci
286 2336 400 2398 ordine
437 2332 645 2415 subjicimus,
672 2326 903 2393 Alexandrinis
918 2326 970 2393 'ad
1028 2343 1162 2405 vocant,
1191 2343 1225 2392 et
1245 2329 1280 2389 in
1302 2348 1416 2392 aversa
1439 2328 1585 2391 sociatur
1607 2332 1776 2415 Proserpi·

222 2437 347 2502 calcem
364 2433 550 2497 reservatis.
1027 2450 1082 2507 aa,
1105 2449 1189 2514 qnae
1208 2429 1272 2493 hoc
1293 2441 1390 2513 pacto
1402 2429 1578 2513 ‚personati
1599 2430 1699 2515 hujus
1718 2435 1778 2493 Aa·

585 2514 604 2551 *
689 2557 709 2595 e
959 2588 965 2598 ,
1027 2531 1109 2596 tiaoi
1123 2544 1228 2594 mater
1244 2530 1379 2597 exstitit.

362 2562 613 2698 sunrisooc.
633 2625 822 2694 muxoc.
861 2628 970 2709 capas
1391 2630 1410 2667 s

1288 2679 1309 2715 a
1496 2680 1516 2718 e

361 2739 480 2801 dedero
501 2738 702 2800 redimitum.
1147 2729 1561 2801 ANT1N000.HPttc.
1578 2732 1775 2801 ΑΓΑΘΟΕ.

223 2838 423 2903 ΕΓΕΟΙΟΟ.
472 2830 705 2900 ANethte.
756 2828 971 2893 ΑΔΡΑΜΤ·
1152 2836 1415 2914 capuanorum.

221 2937 411 3004 ΤΗΝΩΝ.
438 2940 536 3001 Ceres
545 2936 669 2999 sedeas.
706 2933 775 2997 ΑΕ.
794 2936 820 2999 Ι.
845 2934 969 3016 (Haim.
1030 2930 1473 2999 ΛΔΡΙΑΝΟΘΗΡΙΤΩΝ.
1503 2938 1577 3001 Bos
1596 2952 1711 3017 stans,
1741 2944 1777 3003 in

225 3047 265 3105 Τ.
285 3046 343 3126 11.)
1029 3039 1122 3112 cujus
1158 3040 1262 3099 latere
1293 3038 1384 3098 luna.
1417 3038 1489 3102 ΑΕ.
1510 3038 1552 3102 11.
1582 3039 1776 3123 (Spsnlteiot

285 3147 338 3206 De
358 3142 515 3207 vacabulo
534 3135 725 3211 IAKXOC,
754 3156 819 3220 quo
838 3134 970 3199 nomine
1029 3138 1125 3201 Tom.
1142 3140 1182 3200 11.
1200 3157 1234 3220 p.
1252 3136 1326 3205 336.
1340 3137 1444 3206 vain.
1462 3140 1561 3205 Num.
1576 3138 1716 3224 Graec.)

223 3244 342 3308 Graeci
380 3243 543 3305 Bacchum
585 3258 715 3323 quoque
754 3238 969 3313 intellexere,
1036 3316 1039 3321 Ι
1150 3239 1277 3303 Eodem
1296 3242 1446 3304 adversa.

224 3350 320 3433 plura
335 3346 415 3409 olim
432 3342 581 3419 disserui,
599 3362 673 3403 cum
692 3342 871 3404 ianamum
888 3340 972 3421 ejas·
1030 3336 1378 3403 ΑΔ-ΡΙΑΝΟΘΗΡΑ.
1421 3343 1530 3425 Caput
1549 3342 1663 3427 Apri.
1710 3344 1776 3407 rte.

224 3451 299 3514 dem
326 3446 459 3511 Antinoi
485 3447 699 3519 Tarsensem,
735 3444 770 3507 iu
793 3462 858 3527 quo
882 3440 970 3502 idem
1029 3440 1352 3527 m.m.(Theupoli.)
1386 3488 1391 3499 .

221 3550 345 3615 Neoc
370 3545 544 3611 IAKXOC
574 3545 775 3628 appellatur,
805 3560 968 3627 quemquo
1091 3544 1188 3605 Numi
1205 3556 1280 3606 suut
1292 3541 1574 3607 Hadrianotherae
1586 3542 1771 3625 Bithyniae.

224 3655 308 3716 inira
326 3648 487 3724 recitabo,
514 3646 812 3724 commentatore).
848 3644 970 3712 Viden·
1029 3644 1128 3707 ,stiad
1156 3645 1196 3708 ab
1227 3645 1287 3707 hac
1319 3645 1454 3707 honoris
1484 3644 1683 3711 vocabulum
1712 3650 1774 3711 Aa·

528 1350 671 1414 Numi:

227 3772 281 3819 tur
312 3752 431 3816 Graeci
460 3750 636 3834 plurimam
674 3745 847 3811 adfinitatis
885 3746 972 3808 inter
1032 3746 1122 3808 tinoo
1163 3745 1319 3821 inditam,
1363 3764 1481 3830 nempe
1526 3748 1608 3811 doni
1651 3750 1775 3825 herois,

226 3856 368 3932 Bacchi,
405 3868 502 3937 atque
538 3850 673 3912 ¹datiani
715 3849 868 3912 decoram
907 3847 973 3911 ior·
1032 3867 1097 3932 qao
1120 3848 1253 3913 nomiae
1282 3861 1413 3912 veteres
1435 3845 1590 3912 dixerant
1608 3848 1776 3915 'bonorum

228 3981 312 4022 mam
329 3956 465 4031 vidisse,
494 3974 568 4017 uam
592 3952 680 4013 illias
703 3951 896 4034 plerumque
919 3963 974 4012 aut
1030 3951 1177 4015 virorum
1218 3951 1338 4015 solatas
1374 3966 1516 4035 corpore
1555 3950 1700 4028 animas,
1743 3953 1777 4013 ia

226 4060 380 4125 attributa
404 4056 549 4119 Antinoo
578 4050 754 4128 addidere,
796 4066 832 4115 ut
862 4066 972 4116 certos
1032 4074 1097 4136 quo
1119 4050 1364 4135 comprobando
1386 4052 1535 4135 prolixus
1559 4066 1613 4119 est
1633 4046 1780 4137 spatae

227 4184 288 4227 uos
314 4160 437 4226 iaciunt
459 4180 534 4222 oum
559 4156 663 4230 numi,
692 4166 761 4216 tum
785 4156 976 4230 Pausanias,
1035 4156 1117 4216 mins
1138 4152 1175 4235 ἰ).
1213 4156 1369 4219 Avertam
1389 4154 1480 4217 nomi
1494 4156 1617 4241 prioris
1633 4156 1779 4241 objicere

229 4269 303 4350 qui,
347 4283 424 4347 qaas
455 4259 553 4334 vidit,
593 4256 728 4320 Antinoi
766 4279 824 4320 scu
854 4256 977 4325 tabulas
1035 4257 1121 4341 Apin
1144 4256 1303 4339 majorum
1329 4256 1475 4338 gentiam
1491 4256 1581 4321 inter
1600 4258 1780 4343 Aegyptios

265 4504 296 4571 a)
316 4495 524 4559 ln'Hadrisuo.
597 4492 633 4567 h)
654 4495 692 4549 de
710 4492 810 4550 caess.
881 4493 913 4562 c)
932 4491 962 4545 in
976 4488 1114 4547 Arcsdie·
1127 4508 1157 4565 p-
1166 4492 1230 4552 617.
1300 4488 1335 4563 d)
1355 4492 1385 4546 in
1401 4484 1557 4575 Aderam·
1580 4502 1612 4549 οἱ
1629 4486 1782 4557 ssesdssss.

226 4592 259 4692 e)
271 4589 366 4735 ¹Nara.
380 4598 436 4644 vet.
453 4607 483 4665 p.
494 4597 554 4649 23²1.
639 4584 668 4656 s)
687 4581 806 4643 svnt.
816 4585 925 4657 ·1>·6t?.
1010 4583 1049 4687 ς)Ι
1064 4578 1103 4637 de
1118 4578 1255 4656 Expedit.
1270 4579 1352 4639 Alea
1367 4588 1452 4657 ΜΒ.
1536 4582 1576 4655 h)
1590 4600 1668 4659 pag.
1679 4596 1745 4659 309.
1760 4594 1788 4645 2.

225 4684 249 4751 r)
283 4698 327 4736 .a.
1088 4698 1101 4723 ⁸
1686 4700 1690 4711 ·
