4012 5370
838 394 1158 466 ritalauvs.

221 588 289 632 tunt
311 593 327 630 a
351 571 489 647 Trajauo
511 578 631 625 tantum
655 575 885 636 restauratum,
913 584 966 622 au·

220 689 392 753 clamque,
415 683 449 729 et
470 667 642 748 negligere
666 666 805 724 alterum
828 666 966 724 Centum

221 775 379 842 cellarum
410 770 449 829 ab
482 789 522 829 eo
548 766 714 826 immensis
744 763 922 845 sumptibus
948 784 967 824 e

220 861 433 936 fundamento
456 870 639 956 egritatum.
671 865 775 928 Multo
795 865 899 925 minus
922 863 969 922 iu-

222 975 330 1056 telligi
347 974 468 1054 poterit
486 982 599 1051 portus
614 967 852 1040 Anconitanus,
872 984 969 1048 quem

222 1075 450 1158 amplificatum
476 1069 605 1153 quidem
631 1093 649 1131 a
670 1070 827 1151 Trajano,
862 1081 896 1129 et
922 1080 971 1126 tu-

223 1180 342 1239 tiorem
366 1176 528 1234 redditum
553 1184 695 1246 constat,
724 1183 756 1231 at
778 1189 849 1229 utus¹
863 1166 902 1230 ab
926 1185 967 1227 eo

223 1278 475 1362 appellationem
499 1273 645 1334 traxisse.

369 1381 410 1438 Vr
431 1379 483 1436 lit.
500 1376 543 1437 A.

222 1481 348 1552 REST.
382 1478 494 1537 l'lle.
527 1476 561 1535 S.
586 1475 623 1535 P.
649 1472 689 1563 Q.
711 1473 751 1542 n.
784 1469 977 1533 OPTIMO.

221 1581 361 1641 PIllNC.
387 1580 571 1659 Imperator
592 1586 728 1655 togatus
746 1587 839 1635 stans
856 1574 972 1634 mutie-

222 1704 291 1743 rcm
319 1701 408 1761 genu
429 1680 622 1761 flectentem
654 1676 821 1748 sublevet,
859 1693 971 1734 versus

220 1804 318 1861 quem
336 1784 400 1841 duo
416 1778 524 1862 puelli
545 1779 716 1837 adstantes
735 1794 852 1834 ananus
870 1772 971 1832 ottol-

220 1886 307 1944 lunt.
330 1882 400 1945 AV.
423 1892 456 1939 et
473 1876 601 1939 mutatis
618 1873 783 1938 nonnullis
799 1873 909 1937 AE.1.
928 1872 969 1936 11.

220 1985 321 2062 (Mus.
342 1984 449 2059 Caes.)
660 1967 661 1970 Ἴ

288 2084 429 2144 llubiuru
451 2098 515 2138 non
535 2091 601 2152 est,
627 2077 690 2136 hoc
710 2089 785 2157 typo
807 2075 895 2134 innui
914 2074 983 2135 ali-'

220 2200 349 2256 menta,
383 2183 423 2242 de
449 2179 565 2262 quibus
589 2199 685 2257 supra
708 2189 831 2253 actum,
863 2174 970 2236 soboli

221 2286 332 2348 ltaliae
356 2282 539 2362 adsignata,
571 2296 707 2359 eamque
738 2277 795 2338 hac
828 2276 970 2340 liberali·

219 2404 286 2451 rste
309 2387 500 2447 restitutam.

367 2491 411 2550 Vt
431 2487 534 2546 liae.

220 2595 255 2654 S.
272 2592 309 2653 P.
328 2589 369 2679 Q.
388 2590 428 2648 R.
449 2582 633 2646 OPTllllO.
657 2582 855 2645 PRINClPl.
879 2581 912 2643 S.
929 2582 965 2642 C.

226 2694 327 2775 Typis
347 2692 460 2750 variis.
485 2686 552 2749 ΑΕ.
570 2689 592 2748 l.
615 2688 652 2747 ll.

286 2790 382 2852 Numi
411 2809 483 2849 cum
512 2789 571 2849 hac
597 2783 774 2870 epigraphe
798 2803 859 2865 per
880 2782 967 2843 hunc

220 2894 425 2957 consulatum
458 2891 599 2950 omnium
629 2887 766 2948 maxime
796 2883 900 2959 obvii,
934 2897 967 2944 ct

220 2996 355 3081 quidem
378 2992 521 3052 inomni
545 2991 693 3062 metallo,
726 2986 903 3060 stimma,
934 2998 968 3069 ct

218 3102 387 3181 potiorem
407 3114 578 3153 numerum
598 3089 728 3172 'l'rajani
748 3101 874 3170 partem
893 3106 969 3148 con·

220 3200 368 3261 stituunt.
400 3199 566 3276 'l'yporum
594 3193 690 3252 etiam
709 3188 898 3272 prodigiosa
918 3210 969 3250 vs·
989 3273 994 3283 Ι

219 3304 339 3372 rietes,
362 3300 555 3380 plerumque
571 3294 611 3356 ad
629 3294 744 3356 rictam
763 3290 897 3352 Daciam
915 3287 967 3350 ad·

220 3401 414 3462 ludentium.
440 3401 490 3458 Ex
508 3398 594 3459 omui
610 3415 713 3477 grege
734 3391 827 3453 binos
843 3388 968 3473 dignio-

221 3523 276 3564 res
297 3502 441 3583 seligam.

368 3606 413 3662 Vt
433 3604 486 3664 lit.
501 3601 540 3661 B.

220 3708 254 3767 S.
276 3707 311 3766 Ρ.
335 3702 377 3795 Q.
396 3704 435 3765 ll.
463 3694 862 3763 OPTlh10.PIllNClPl.
883 3693 965 3757 S.C.
990 3735 993 3740 -

222 3810 340 3869 Circus
360 3825 432 3864 cum
453 3807 543 3863 ornm'
564 3824 623 3861 suo
645 3811 776 3858 ornatu.
800 3798 868 3858 ΑΕ.
885 3797 965 3858 ΜΜ.

218 3910 309 3970 mod.
330 3922 363 3967 et
379 3908 448 3966 ΑΕ.
464 3907 487 3966 l.
510 3907 608 3979 (Mus.
625 3899 734 3978 Caes.)

283 4010 402 4069 Faetos
425 4030 442 4068 a
461 4006 600 4084 Trajano
618 4005 651 4061 in
669 4000 800 4062 Circum
823 4013 967 4084 sumptus

220 4122 456 4172 commemorat
471 4108 535 4169 Dio
552 4107 594 4185 Q:
614 4104 837 4185 Hrppodromo
853 4105 969 4164 inscri-

217 4214 306 4286 psit:
333 4211 513 4291 perfecisse
536 4230 587 4279 sc,
615 4219 652 4265 ut
672 4206 794 4285 populo
818 4205 968 4265 Romano

1698 429 1783 494 lili

1025 565 1213 648 sufficerem
1239 588 1314 628 uam
1329 583 1509 649 postquam
1527 579 1683 642 domnum
1696 602 1773 663 pas·

1025 687 1082 725 sus
1099 679 1201 738 essct,
1227 668 1395 746 majorem,
1411 687 1444 733 et
1456 677 1679 754 pulchriorem
1697 684 1773 765 effl-

1027 769 1083 826 cit.
1126 766 1232 829 Etiam
1263 769 1434 835 Pausanias
1474 776 1561 838 inter
1600 782 1770 863 magnilica
1855 855 1859 862 ¹

1028 865 1159 946 Trajani
1194 889 1294 951 opera
1331 889 1484 938 recenset
1518 878 1771 962 hippodromum

1029 963 1168 1029 duorum
1211 967 1387 1034 stadiorum
1434 974 1672 1058 longitudinem
1720 1005 1773 1046 ae·

1030 1088 1129 1149 quana
1152 1067 1196 1149 b).
1225 1072 1342 1135 Fuisse
1368 1095 1442 1138 eum
1466 1076 1662 1144 delectatum
1690 1086 1786 1148 rarii

1028 1170 1160 1249 generis
1179 1174 1382 1252 spectaculis,
1398 1176 1515 1243 iterato
1531 1183 1636 1245 refert
1650 1186 1715 1247 Dia
1731 1189 1772 1266 c),

1029 1281 1063 1328 et
1089 1269 1214 1333 Plinius
1245 1275 1429 1348 venationis
1459 1280 1638 1346 studiosum
1676 1301 1775 1350 testa·

1028 1382 1082 1429 tur
1105 1369 1148 1450 d).
1189 1372 1304 1457 Neque
1333 1378 1394 1439 alia
1416 1378 1456 1441 d'e
1482 1401 1577 1446 causa
1599 1399 1702 1449 aetate
1725 1410 1774 1450 se-

1030 1471 1144 1553 quiere
1167 1487 1216 1536 tot
1238 1475 1497 1543 crediderim-ei
1525 1477 1697 1552 dedicatos¹
1717 1512 1775 1552 nu·
1829 1516 1833 1524 ‘

1030 1593 1115 1647 mos,
1133 1596 1214 1657 quos
1230 1583 1463 1644 contorniatos
1480 1584 1633 1664 dicimus,
1656 1589 1690 1649 in
1707 1591 1776 1671 qui·

1029 1673 1090 1735 bus
1120 1676 1246 1738 missus
1266 1677 1467 1757 Circenses,
1490 1687 1681 1751 venationes
1711 1704 1774 1754 stc.

1029 1775 1243 1853 exhibentur,
1271 1799 1365 1861 quam
1386 1781 1473 1865 quod
1493 1788 1675 1866 posteritati
1697 1810 1774 1852 con-

1029 1876 1131 1940 stabat
1179 1878 1230 1941 his
1252 1899 1327 1942 eum
1350 1883 1463 1945 studiis
1484 1887 1582 1948 animi
1602 1890 1771 1953 relaxandi

1029 1924 1249 2040 causalfuisse
1277 1979 1482 2046 delectatum.
1515 1990 1566 2050 De
1588 1992 1718 2074 Trajani
1741 1995 1773 2052 in

1029 2079 1160 2140 Circum
1191 2083 1365 2144 marimum
1400 2088 1524 2150 meritis
1556 2091 1632 2156 vide
1662 2095 1782 2176 paucis

1030 2178 1246 2244 disserentem
1266 2185 1308 2249 el.
1324 2188 1521 2250 Marcellum
1538 2192 1579 2271 ο).

1392 2287 1410 2322 4
1542 2333 1545 2342 .

1428 2350 1436 2367 a
1495 2337 1521 2371 *-

1288 2335 1311 2369 s.

1173 2389 1218 2447 Vt
1238 2388 1347 2452 tae.

1029 2486 1060 2546 S.
1077 2487 1113 2545 Ρ.
1132 2486 1173 2577 Q.
1192 2488 1232 2553 tt.
1253 2485 1438 2554 OPTIMO.
1461 2492 1660 2556 PRINClPl.
1682 2499 1716 2560 S.
1733 2499 1771 2561 C.

1028 2590 1145 2647 Arcus
1170 2590 1286 2666 pontis
1314 2595 1402 2651 turri
1428 2597 1583 2671 utrinque
1608 2602 1773 2672 saunitas,

1026 2688 1118 2766 infre
1133 2690 1169 2747 in
1185 2687 1282 2748 undis
1299 2691 1465 2752 nauicula.
1489 2691 1560 2756 ΑΕ.
1575 2697 1598 2754 Ι.
1613 2696 1653 2760 ll.
1673 2700 1779 2777 (Mus.

1027 2786 1136 2865 Caes.)

1088 2886 1260 2972 Plerisque
1293 2889 1417 2964 visum,
1457 2904 1588 2974 portum
1620 2878 1771 2979 Trajaisi,

1027 2987 1068 3048 de
1091 3007 1156 3069 quo
1179 3011 1292 3071 supra,
1329 3010 1396 3052 non
1417 3006 1551 3076 pontem
1573 2994 1692 3060 horum
1715 3019 1770 3061 nu-

1026 3111 1156 3151 merum
1177 3104 1255 3172 typo
1277 3093 1427 3176 proponi.
1456 3096 1500 3156 At
1522 3096 1696 3181 imaginem
1718 3099 1773 3162 sd·

1027 3191 1170 3253 curatius
1188 3191 1408 3258 consideranti
1422 3195 1519 3259 facile
1536 3199 1676 3281 patebit,
1699 3221 1771 3264 esse

1025 3312 1106 3376 opus
1134 3307 1318 3370 arcuatum,
1356 3310 1391 3358 et
1418 3312 1585 3375 erectum,
1618 3320 1685 3363 non
1715 3301 1773 3365 ho-

1024 3393 1177 3455 rizoutsli
1207 3395 1279 3457 sinu
1303 3395 1337 3456 in
1364 3381 1478 3478 portus
1505 3391 1632 3462 morem
1659 3421 1773 3466 curva-

1025 3509 1112 3568 tum,
1142 3497 1259 3557 turrim
1280 3514 1413 3578 quoque
1443 3517 1516 3560 esse
1544 3500 1707 3582 perviam,
1738 3517 1773 3564 et

1025 3596 1126 3657 instar
1141 3607 1271 3678 portae,
1298 3616 1360 3679 per
1379 3618 1475 3680 quam
1498 3620 1579 3682 pons
1597 3603 1700 3683 possit
1719 3602 1772 3665 ad·

1025 3697 1076 3757 iri.
1122 3697 1213 3757 Certi
1242 3709 1372 3779 portus,
1407 3720 1488 3783 quos
1519 3699 1552 3760 iu
1580 3703 1687 3765 numia
1716 3704 1771 3766 hs·

1024 3796 1158 3872 bemus,
1180 3796 1337 3860 nimirum
1357 3792 1516 3864 Ostiensis
1538 3802 1598 3864 sub
1619 3806 1778 3881 Nerone,

1025 3911 1059 3960 et
1088 3897 1171 3960 alter
1198 3898 1258 3961 sub
1286 3900 1444 3983 Trrjrmn,
1476 3901 1575 3986 louge
1605 3907 1666 3968 alia
1696 3920 1778 3994 sunt-

1024 4000 1141 4064 lorma.
1188 3998 1332 4064 Exhibet
1354 4023 1435 4086 ergo
1458 4025 1551 4066 arcus
1574 4004 1646 4082 bie,
1677 4006 1770 4071 velut

1025 4123 1099 4184 pars
1128 4101 1244 4177 totius,
1274 4100 1501 4188 famigerstum
1523 4105 1662 4168 Danubii
1690 4097 1788 4192 pun-¹

1026 4217 1108 4279 tem,
1135 4201 1177 4266 de
1199 4224 1264 4287 quo
1287 4205 1341 4288 egi
1362 4226 1458 4289 supra
1479 4205 1520 4269 sd
1540 4228 1672 4271 numum
1694 4194 1777 4296 DA}

227 4398 1757 4426 *mm

257 4524 286 4589 a)
307 4520 337 4575 L.
350 4519 476 4575 LXVlll.
494 4526 554 4588 §.K

223 4612 250 4659 e*l
273 4610 308 4664 de
326 4610 399 4667 Stilo
417 4611 504 4668 ln5c1'.
525 4630 553 4683 p·
565 4612 606 4676 60-

660 4518 693 4588 b)
714 4516 789 4576 L.V.
808 4537 831 4573 c.
847 4531 887 4577 ¹2.

996 4523 1026 4590 c)
1046 4514 1215 4577 1..va111.
1232 4523 1256 4589 §.
1270 4531 1301 4579 to
1317 4530 1346 4574 et
1362 4530 1402 4603 ts.

1508 4521 1542 4592 d)
1563 4520 1669 4613 Paneg.
1687 4536 1766 4589 car.

1384 4698 1545 4760 Hhha
