4012 5370
863 352 1187 433 vrrsuurvs.
1715 393 1800 458 3„

249 516 402 605 quinariis
431 520 476 582 Μ.
495 518 631 579 Antonii
656 532 690 582 et
715 521 832 607 Lepidi
862 525 994 589 Illviro·
1051 527 1334 598 SENATVS-⁶·
1349 525 1446 599 NVS.
1470 536 1627 599 Victoria
1640 542 1798 623 gradiens

245 643 318 684 rum
332 620 421 704 juxta
444 619 560 682 lituum
575 622 783 704 auguralsm,
803 639 837 688 et
854 640 989 710 guttum,
1048 631 1080 694 d.
1100 633 1252 715 clypeum
1266 644 1396 714 gestat,
1420 637 1476 695 eui
1493 637 1709 721 inscriptum&
1736 643 1793 714 VI.

245 745 280 787 ac
301 736 494 807 propterea,
514 722 661 805 apposite
678 724 719 785 ad
737 729 916 809 praesentis
931 750 989 791 nu·
1047 729 1129 800 At.
1142 733 1202 794 Est
1221 752 1262 794 ex
1281 733 1352 797 An.
1374 732 1475 815 (Mus.
1493 736 1603 820 cies.)

243 829 288 887 uri
305 838 433 909 typum,
453 824 555 887 StatIo
573 824 693 887 dicitur
708 847 816 890 comes
830 832 988 894 obscurus
1190 835 1313 896 cadem
1337 839 1485 899 adversa.

240 931 407 1008 tripodam
433 927 479 1007 ·),
516 939 551 989 et
581 927 664 990 Silio
696 927 809 991 Italico
840 931 988 993 Phoebea
1045 930 1187 998 Frons.
1211 933 1483 1005 Exuncrt‘vtt.
1513 941 1612 1004 Duae
1634 943 1791 1008 dexteras

243 1032 316 1089 aris
339 1024 391 1107 b),
429 1028 567 1090 Aeliano
605 1029 787 1102 Απολλωιος
819 1028 987 1110 ἀκολυθος,
1039 1033 1186 1112 junctae.
1211 1034 1279 1097 AR.
1298 1039 1400 1118 (Mus.
1416 1041 1525 1122 Caes.)

242 1129 418 1211 Apollinis
433 1131 562 1190 assecla
577 1129 618 1208 ο).
640 1130 684 1190 Hi
699 1129 789 1191 numi
802 1145 856 1194 aut
869 1130 986 1217 signati
1184 1135 1358 1205 GENIVS.
1385 1138 1423 1204 P.
1447 1143 1488 1207 R.
1524 1147 1676 1206 Protome
1698 1146 1794 1226 genii

242 1243 335 1305 sunt,
375 1242 544 1311 antequam
576 1229 728 1296 Vitellius
761 1231 984 1315 pontificatum
1121 1252 1128 1260 ·
1179 1238 1322 1300 barbata
1344 1243 1553 1319 diademate,
1587 1247 1794 1325 prominente

239 1331 416 1394 marimum
436 1332 649 1415 suscepisset,
674 1346 728 1394 aut
746 1334 804 1396 illo
821 1334 885 1416 jam
903 1356 982 1417 pon·
1180 1352 1268 1400 retro
1287 1355 1426 1424 sceptro.

238 1431 327 1494 tilica
352 1435 507 1509 mammo,
539 1434 735 1518 jusseritque
757 1435 784 1497 is
806 1436 899 1498 feriri
920 1436 981 1499 Iros
1039 1435 1583 1508 1.0.ttAx.at0.setanam01.
1605 1443 1781 1528 Araura

237 1555 355 1596 numos
380 1535 519 1615 jactandi
543 1535 661 1618 prioris
681 1536 855 1599 sacerdotii
871 1557 980 1613 causa,
1039 1536 1116 1598 rclll
1133 1538 1167 1598 in
1184 1539 1346 1623 incertis.)

238 1657 304 1722 quo
320 1634 420 1698 modo
436 1637 652 1719 Vespasianus
667 1657 811 1722 quoque,
830 1651 863 1701 et
878 1639 981 1715 Titus,
1183 1643 1334 1702 Protome
1356 1636 1516 1723 Palladis.

239 1740 301 1802 etsi
324 1739 389 1820 jem
416 1738 585 1820 pontilices
606 1742 922 1823 maxima-augures
944 1756 980 1804 tc
1041 1736 1295 1806 SECVIIITAS.
1325 1739 1362 1806 P.
1385 1744 1426 1807 Il.
1467 1743 1595 1805 Mulier
1622 1744 1736 1807 sedens
1752 1748 1784 1810 d.

238 1839 273 1902 iu
289 1853 421 1903 moneta
437 1841 577 1923 professi
595 1854 677 1907 sunt.
1039 1854 1140 1919 caput
1149 1843 1269 1922 fulcit,
1286 1863 1313 1904 s.
1327 1836 1471 1922 hastam,
1486 1862 1547 1928 pro
1561 1844 1702 1927 peditus
1717 1865 1787 1913 ara.

1039 1939 1109 2003 AR.
1134 1944 1231 2022 (Itius.
1250 1944 1359 2026 Caes.)

372 2025 561 2086 Αϋΐθῆθθῑῑ
582 2026 679 2104 dulus
700 2029 839 2106 imperil·
1101 2045 1211 2125 Typus
1233 2043 1416 2107 simillimus
1438 2045 1528 2107 Iovis
1551 2047 1588 2109 0.
1609 2047 1660 2111 M.
1687 2048 1780 2131 Cupi·

300 2142 476 2203 Morellius
494 2142 527 2201 in
547 2144 679 2205 incertis
698 2143 908 2222 familiarum,
928 2165 978 2208 ca·
1036 2140 1153 2219 toliai,
1172 2165 1267 2227 quern
1285 2167 1381 2229 supra
1398 2148 1431 2207 in
1446 2147 1574 2213 Vitellii
1590 2148 1695 2211 nuruis
1711 2169 1783 2212 cer-

235 2245 365 2328 talogus
397 2243 559 2326 d'Ennery
583 2244 614 2327 d)
640 2259 673 2308 et
697 2266 842 2309 museum
867 2249 980 2309 Caesa·
1038 2241 1079 2304 tis
1098 2243 1253 2321 vidimus,
1278 2249 1499 2329 praesentiam
1518 2260 1694 2311 humorum
1713 2269 1782 2312 cer·

232 2366 328 2408 rcum
351 2348 536 2437 complures
555 2347 705 2409 denarios
727 2346 890 2424 offerunt,
923 2350 979 2432 qui
1038 2354 1107 2405 turn
1135 2360 1278 2425 eraserat
1305 2342 1484 2410 'constituta
1529 2350 1640 2438 Quare
1672 2371 1780 2436 noque

235 2468 296 2529 per
310 2462 536 2528 argumentum
554 2448 640 2510 haud
657 2449 753 2510 dubie
770 2446 905 2515 Vitellio
922 2450 979 2511 im·
1036 2444 1170 2508 dubium
1195 2448 1341 2523 videtur,
1369 2461 1442 2524 eos,
1469 2449 1524 2532 qni
1550 2451 1684 2516 Vestam
1706 2470 1782 2514 oum

236 2563 372 2629 perante
395 2550 509 2632 signati
531 2563 620 2626 sunt,
649 2551 710 2612 etsi
727 2551 854 2622 Vitellii
872 2565 977 2635 caput,
1035 2546 1165 2611 insolita
1181 2541 1241 2612 Itac
1257 2550 1292 2610 in
1310 2563 1441 2612 moneta
1457 2550 1636 2634 epigraphe
1655 2553 1781 2626 sistunt,

237 2664 290 2711 aut
313 2650 515 2733 epigraphen
539 2651 753 2715 dissimulent.
785 2652 905 2714 Similis
925 2674 979 2713 na·
1035 2647 1217 2732 imperante
1242 2665 1372 2732 quoque
1392 2644 1528 2715 Vitellia
1554 2653 1654 2715 faisse
1678 2653 1781 2735 signs·

234 2763 326 2813 tur-sc
344 2750 495 2813 denarios
511 2752 574 2833 jam
595 2755 653 2816 sub
669 2758 833 2839 Augusto,
851 2767 885 2816 et
904 2753 978 2815 Gal·
1034 2761 1096 2811 tos.
1118 2742 1262 2812 Historia
1280 2749 1362 2810 nihil
1378 2751 1577 2832 suppeditat,
1594 2772 1653 2813 cur
1668 2755 1778 2815 lovem

233 2849 274 2911 lta
294 2851 453 2914 dedimus.
475 2854 528 2914 Ad
547 2856 717 2922 Vitellium
736 2855 909 2917 referimus
928 2875 978 2920 se·
1035 2849 1121 2912 hunc
1141 2850 1378 2934 Capitolinum,
1401 2861 1435 2911 et
1453 2850 1586 2915 Vestam
1605 2852 1638 2911 in
1660 2852 1777 2915 eodem

235 2966 391 3036 quentes:
1033 2972 1134 3014 numo
1149 2951 1334 3027 sociaverit,
1350 2963 1383 3013 et
1398 2951 1496 3012 toties
1511 2951 1542 3011 in
1559 2964 1688 3014 moneta
1703 2972 1779 3036 pro-

374 3057 531 3121 VESTA.
570 3060 608 3122 P.
647 3061 686 3121 R.
728 3056 974 3151 QVIRITIVM.
1033 3054 1200 3133 posuerit,
1238 3051 1442 3136 fortequod
1465 3053 1639 3136 praecipua
1665 3069 1777 3117 essent

376 3161 485 3239 Caput
505 3163 625 3220 Vestae
639 3161 800 3233 velatum,
823 3160 867 3219 ad
882 3159 976 3235 cujus
1032 3151 1163 3234 imperii
1179 3155 1219 3217 tt.
1238 3154 1368 3216 numina
1387 3174 1448 3216 uua
1466 3175 1540 3217 cum
1556 3157 1678 3228 Marto;
1700 3177 1774 3219 nam

369 3273 487 3337 pectas
505 3262 601 3320 taeda
621 3262 746 3322 ardens.
1000 3313 1008 3321 .
1032 3266 1114 3317 teste
1134 3254 1254 3319 Ortdio
1270 3259 1317 3337 0),
1334 3276 1407 3319 cum
1423 3256 1582 3318 Romulus
1599 3256 1689 3319 urbis
1703 3257 1774 3320 fun-

228 3358 252 3419 I.
280 3355 786 3425 0.t1Att.CAP1T01.1Nv8.
825 3359 973 3439 luppiter
1031 3355 1179 3420 demente
1197 3357 1340 3439 jaceret,

226 3461 340 3521 sedens
364 3460 400 3521 in
427 3466 546 3541 templo
570 3464 695 3543 distylo
718 3464 749 3522 d.
763 3461 918 3544 fulmen,
942 3480 971 3523 s.
1094 3461 1172 3520 Voa·
1184 3457 1264 3540 fuit
1282 3461 1364 3520 ltaec
1386 3461 1493 3537 regis:
1522 3459 1678 3520 condenti
1699 3459 1774 3539 lup·

226 3559 371 3624 autam.
395 3562 464 3619 AR.
482 3563 582 3641 (Mus.
601 3562 709 3638 Caes.)
1467 3560 1558 3637 piter
1577 3557 1706 3633 urbem,

366 3662 524 3729 VESTA.
538 3663 573 3727 Ρ.
585 3665 625 3724 II.
638 3654 883 3755 QVIRITIVM.
909 3656 970 3722 Ve-
1033 3723 1042 3739 Ι
1134 3658 1180 3720 Et
1194 3661 1329 3740 genitor
1344 3655 1501 3730 Mavors,
1522 3656 1687 3733 Vestaque
1704 3676 1771 3717 ma·

363 3776 418 3825 sta
434 3768 547 3824 sedeas
564 3768 593 3823 d.
607 3777 767 3841 pateram,
784 3785 810 3827 r.
826 3764 968 3825 taedam.
1471 3767 1521 3817 ter
1539 3758 1626 3820 ades.

221 3865 245 3927 I.
270 3863 313 3926 Ο.
335 3865 381 3922 Μ.
406 3862 709 3929 CAPITOLINVS.
738 3862 893 3925 ‘Prorome
916 3857 969 3926 Io·
1027 3850 1227 3922 SENATVS
1252 3851 1448 3934 romoNVS,
1475 3875 1540 3942 quo
1564 3856 1662 3921 modo
1681 3878 1768 3921 man·

220 3967 273 4026 ris
290 3969 401 4044 capite
420 3968 622 4039 diademato,
649 3968 692 4024 ad
705 3978 821 4043 pectus
834 3965 968 4046 palmae
1025 3959 1183 4023 cassani
1200 3953 1253 4021 Ill.
1271 3954 1383 4022 literas
1403 3957 1539 4041 eipleo,
1564 3979 1646 4023 nova
1666 3972 1715 4022 est
1733 3959 1768 4021 in

222 4066 384 4128 ramulas.
408 4068 477 4128 AII.
500 4068 598 4145 (Idus.
615 4066 724 4142 Caes.)
1023 4075 1154 4124 moneta
1177 4063 1400 4123 Romanorum
1424 4059 1603 4142 inscriptio.
1633 4061 1663 4121 Is
1689 4072 1765 4143 typo

365 4166 522 4230 VESTA.
538 4166 575 4226 P.
592 4169 632 4230 II.
650 4160 896 4258 QVIRITIVM.
922 4160 967 4229 Vt
1024 4162 1190 4227 Victoriae
1225 4161 1362 4225 relatam
1391 4160 1527 4227 Vitellio
1558 4159 1600 4222 de
1631 4158 1764 4222 Othone

366 4269 401 4326 in
420 4286 517 4328 numo
534 4267 563 4332 I.
1022 4258 1210 4335 Victoriam
1229 4258 1423 4347 AVgustam
1444 4259 1634 4345 gratulatur.
1662 4259 1765 4324 Ater·

255 4492 287 4559 a>
307 4489 405 4636 resp.
424 4489 516 4547 rrrr.
532 4509 557 4548 v.
569 4495 630 4554 506.
752 4489 787 4561 s)
806 4489 1014 4554 rasistis.
1138 4486 1168 4560 c)
1188 4480 1446 4548 nautea
1569 4477 1603 4554 d)
1622 4484 1760 4559 rar-164-

218 4582 249 4647 e)
270 4581 369 4637 fasti
401 4589 483 4642 tat.
