3998 5340
845 443 1178 519 VITELLIVS.

445 617 653 681 Coloniarum
703 645 1209 665 ......
1273 608 1307 663 “.
1386 644 1403 664 .
1492 612 1543 681 0,

443 719 655 785 Alexandrini
709 746 1404 769 ........
1492 715 1579 783 lm,

799 1035 848 1100 A.
885 1026 1205 1095 VITELLIVS.

284 1216 494 1285 Vitelliorum
516 1234 620 1297 genus
641 1213 697 1276 ulii
718 1215 963 1299 perantiquum,
1021 1225 1056 1275 to
1077 1208 1246 1276 conversis
1266 1208 1383 1281 seinis
1402 1231 1503 1277 suem
1525 1210 1602 1297 ipsi
1621 1214 1793 1287 Vitellia

222 1336 256 1388 et
278 1340 297 1384 e
320 1316 576 1397 Sabinisortum
599 1313 730 1388 dixere,
763 1317 819 1377 alii
847 1317 966 1400 perob·
1022 1313 1256 1398 imperatorem
1290 1311 1495 1390 selutsrere,
1535 1316 1598 1380 eui
1632 1319 1789 1383 oontim

220 1442 370 1495 seurum,
401 1437 438 1480 ae
460 1415 660 1500 pudendum.
703 1416 854 1482 Vitellios
878 1440 966 1483 cum·
1023 1428 1231 1480 secesserunt
1249 1414 1400 1500 legiones
1414 1414 1627 1483 Germuniee
1641 1422 1786 1505 superio

219 1522 334 1609 primis
361 1519 489 1582 nobiles
515 1530 675 1601 regnante
696 1534 863 1601 postremo
886 1524 966 1584 Tar·
1024 1521 1086 1595 ris,
1116 1540 1192 1581 mox
1219 1517 1377 1603 Belgioe,
1406 1516 1675 1603 Lugdunensis,
1709 1524 1785 1589 ttss

220 1625 332 1711 quinio
361 1622 524 1687 exstitisse
553 1623 678 1684 Romen
707 1637 888 1686 memorant
913 1623 968 1684 Li·
1024 1622 1088 1698 tis,
1128 1620 1306 1685 Britannis.
1356 1620 1462 1684 Caeso
1495 1620 1636 1689 interea
1666 1626 1786 1689 nunu

221 1725 292 1792 rins
312 1727 360 1804 ⁸),
390 1737 423 1788 et
448 1723 642 1786 Plutarchus
663 1718 708 1804 ¹³).
751 1724 789 1785 P.
814 1724 968 1791 Vitellius
1026 1723 1145 1796 Galba,
1181 1736 1279 1809 etque
1314 1721 1506 1799 intellecto,
1546 1738 1711 1791 ereetum
1747 1724 1784 1791 st

218 1828 315 1911 hujus
335 1825 439 1889 nostri
465 1848 543 1892 evus
565 1823 664 1888 domo
684 1826 840 1902 Nuceria,
867 1846 968 1913 eques
1026 1826 1200 1909 imperium
1240 1823 1427 1902 Othonem,
1469 1823 1635 1891 nimirum
1677 1840 1782 1893 eoem

220 1933 403 2004 Romanus,
428 1942 462 1990 ot
482 1947 594 1991 rerum
613 1927 752 2010 Augusti
773 1943 970 2011 procurator
1025 1929 1113 1993 buno
1130 1927 1294 1992 aemulum
1308 1926 1590 2011 proficiscendum
1608 1944 1698 1997 eret.
1723 1930 1778 1993 Ee·

220 2044 359 2118 quatuor
379 2028 514 2111 reliquit
536 2028 641 2107 lilios,
666 2029 786 2091 Aulum
802 2031 836 2091 iu
853 2051 969 2095 eonsu—
1026 2052 1070 2116 go
1102 2030 1284 2095 exereitum
1313 2028 1462 2095 biisrism
1492 2028 1664 2109 divisum,
1699 2030 1779 2097 deei-

219 2135 287 2197 latu
309 2147 489 2205 mortuum,
521 2130 678 2223 Quintum
706 2133 795 2194 nulla
825 2154 862 2195 ro
891 2134 968 2195 insi·
1025 2135 1151 2219 busque
1175 2133 1383 2196 commissum
1411 2134 1446 2194 in
1473 2130 1603 2195 ltalisru
1630 2132 1777 2218 preemib

219 2255 339 2319 gnem,
377 2231 530 2294 Publium
561 2231 748 2296 Germanioi
775 2234 809 2294 in
839 2235 966 2316 Syriam
1024 2236 1080 2312 tit,
1112 2233 1299 2319 fractusque
1324 2235 1467 2319 primum
1489 2234 1665 2299 nonnullis
1693 2254 1777 2319 pree·

218 2335 390 2410 comitem,
410 2347 445 2395 et
470 2334 528 2398 Cn.
539 2333 669 2396 Pisonis
686 2337 890 2399 accusatione
909 2357 967 2400 no-
1024 2335 1094 2409 liis,
1124 2356 1201 2398 mox
1230 2334 1485 2419 reletsjnsipni
1514 2335 1557 2400 ed
1578 2336 1774 2403 Bedriace-

217 2436 338 2511 bilem,
364 2434 503 2496 Lucium
525 2436 628 2497 nostri
645 2437 723 2497 Auli
743 2450 888 2519 patrem,
914 2450 966 2502 ter
1022 2437 1177 2509 vintoris,
1216 2451 1252 2499 et
1282 2436 1416 2502 Othone
1448 2436 1637 2509 voluntesie
1672 2452 1773 2505 morlo

218 2537 391 2611 consulem
408 2556 445 2599 ao
460 2555 648 2609 censorem,
665 2538 707 2599 ds
724 2558 788 2621 quo
807 2538 900 2622 plura
918 2540 965 2602 in·
1021 2538 1221 2621 interemptu
1250 2538 1425 2623 imperium
1454 2538 1547 2603 eolus
1574 2540 1696 2609 tauma
1730 2544 1774 2603 le·

217 2640 267 2705 t're
295 2638 336 2702 ed
363 2640 434 2722 ejus
463 2659 606 2699 numum.
644 2640 696 2700 Ex
724 2639 807 2716 boo,
837 2655 871 2703 et
898 2664 963 2705 ms·
1020 2660 1153 2722 gressus
1183 2639 1300 2702 urbem
1331 2639 1427 2705 brevi
1458 2640 1584 2724 justum
1613 2640 1772 2707 bouem

217 2756 268 2806 tre
295 2741 430 2805 Sextilia
463 2740 687 2824 probatissima
717 2742 838 2805 femina
870 2757 963 2806 natus
1018 2744 1162 2805 omnium
1192 2741 1303 2805 odium
1331 2740 1472 2805 incurrit
1503 2740 1548 2805 ob
1574 2744 1773 2811 comisatio-

217 2858 268 2911 ost
280 2844 484 2911 witellius
499 2845 539 2909 V.
551 2843 587 2905 C.
600 2846 665 2923 708
679 2846 798 2909 mensis
814 2845 962 2928 Septem·
1017 2865 1112 2921 num,
1139 2859 1175 2909 st
1193 2864 1369 2907 coenarum
1391 2843 1628 2927 intemperiem
1647 2860 1684 2911 et
1709 2846 1771 2911 ire·

216 2947 285 3010 bris
307 2946 361 3010 die
384 2946 490 3009 minus
515 2958 621 3009 cestu.
650 2944 805 3007 Probavit
827 2967 862 3009 se
885 2968 961 3009 mox
1017 2946 1193 3031 quentiam,
1209 2945 1326 3031 quibus
1347 2943 1497 3030 perendie
1515 2944 1770 3017 exhauriebstsr

218 3047 353 3110 Tiberio
373 3068 433 3130 per
449 3047 647 3127 voluptates,
675 3061 798 3109 namet
816 3049 886 3131 ipse
903 3050 962 3111 Ce·
1018 3048 1197 3125 aerarium,
1215 3061 1283 3111 tum
1299 3048 1458 3124 luxuriae,
1477 3060 1511 3113 et
1528 3048 1689 3117 ueritiee
1705 3050 1773 3115 din

216 3150 304 3231 preis
330 3151 493 3225 spintrias
518 3166 638 3208 nomeu
669 3160 718 3210 est
747 3151 962 3230 promeritus,
1019 3149 1190 3233 exempla,
1220 3164 1254 3214 et
1281 3150 1370 3233 quod
1396 3150 1507 3214 medio
1535 3152 1661 3217 llsrtts
1692 3174 1772 3221 ou-

217 3248 385 3330 Caligulae
415 3268 476 3328 per
506 3248 692 3330 aurigandi,
732 3251 868 3313 Claudio
902 3271 962 3333 per
1020 3272 1063 3334 po
1083 3250 1228 3316 adhibite
1247 3251 1454 3336 publicorum
1476 3252 1691 3320 seoerdotun
1710 3254 1771 3321 ire·

215 3349 306 3412 eleae
325 3348 482 3421 studium,
512 3350 636 3410 Neroni
656 3366 793 3433 prepter
813 3354 892 3416 baeo
910 3376 963 3417 ee·
1021 3352 1153 3437 quentia
1173 3356 1305 3416 mittere
1323 3356 1448 3419 Neroni
1469 3354 1606 3422 tuteris·
1626 3376 1696 3421 uon
1717 3358 1771 3421 ds·

216 3450 302 3515 dem.
340 3452 392 3513 Ab
423 3453 473 3515 bis
504 3450 651 3515 scilcetus
684 3452 862 3516 honoribus
897 3479 962 3518 am·
1019 3454 1148 3531 biterit,
1171 3476 1211 3519 ex
1231 3476 1295 3541 quo
1316 3458 1432 3539 patuit,
1457 3454 1547 3541 quod
1569 3456 1635 3523 sibl
1662 3460 1697 3522 iu
1722 3462 1772 3545 ⁸⁴¹.-

213 3657 311 3732 abiit,
349 3679 486 3743 eamque
511 3656 710 3737 provinciam
732 3656 863 3721 biennio
886 3679 962 3737 eon·
1018 3672 1082 3723 ret.
1126 3658 1200 3754 Quo
1237 3660 1402 3723 communi
1435 3660 1581 3721 omnium
1619 3664 1769 3727 ordinu-

217 3758 307 3822 tinuo
356 3758 599 3821 administravit.
663 3757 780 3821 Redux
825 3761 961 3823 Romam
1020 3761 1097 3824 odio
1117 3762 1279 3847 patefacte
1301 3762 1515 3847 Vespasianus
1538 3760 1680 3831 ludeeee
1702 3782 1767 3831 lu

214 3861 306 3923 urbis
335 3863 443 3923 munia
475 3860 592 3935 obivit,
626 3860 741 3924 missus
770 3861 912 3947 denique
943 3886 962 3926 u
1019 3882 1166 3946 praeses,
1199 3863 1261 3925 etsi
1290 3865 1381 3947 ipse,
1411 3878 1508 3947 atquo
1536 3866 1708 3931 exereitus
1734 3868 1764 3929 is

213 3962 316 4027 Galba
345 3962 471 4047 legatus
498 3960 691 4023 Germaniae
718 3962 885 4028 inferioris
914 3966 961 4029 le·
1020 3964 1147 4031 Vitellii
1168 3963 1269 4029 verbe
1289 3964 1468 4046 jurassent,
1498 3964 1696 4048 persuaderi
1715 3966 1767 4031 de·

215 4065 366 4150 giouibus
387 4062 590 4147 praepositus
614 4074 663 4124 est
688 4063 728 4129 V.
745 4065 780 4127 C.
804 4066 876 4127 aa..
917 4066 961 4128 At
1019 4067 1118 4151 nique
1143 4085 1179 4129 sa
1203 4084 1315 4149 passus
1341 4081 1408 4141 est,
1433 4080 1469 4130 ut
1492 4064 1637 4128 oblatum
1655 4088 1676 4131 s
1702 4068 1766 4130 seis

213 4189 295 4233 rero
329 4167 449 4230 milites
479 4164 602 4227 Galbae
641 4162 813 4244 imperium
849 4167 958 4243 exosi,
1015 4165 1187 4251 imperium
1215 4180 1417 4251 acceptaret,
1451 4166 1541 4247 cujus
1574 4166 1764 4253 exemplu·

213 4292 288 4334 eum
317 4270 473 4351 proximis
500 4264 655 4331 llalendis
684 4267 748 4329 lun.
776 4268 816 4333 Ὺ.
837 4272 872 4331 (Σ.
896 4270 957 4331 tiss
1017 4281 1146 4332 secutae
1168 4281 1242 4331 sunt
1270 4289 1337 4331 non
1359 4268 1456 4335 modo
1487 4264 1612 4331 ririnee
1637 4266 1763 4349 syrin,

216 4394 257 4437 ex
286 4393 378 4434 more
400 4373 434 4431 in
456 4370 579 4434 Galbae
610 4367 708 4431 rerba
733 4368 841 4449 jurare
863 4392 881 4432 o
904 4371 959 4436 vi·
1015 4386 1049 4434 et
1070 4372 1212 4457 Aegypti
1241 4372 1406 4457 legiones,
1438 4367 1496 4434 sed
1526 4362 1635 4427 diuiti
1666 4366 1761 4429 etis·

213 4476 306 4539 tellio
328 4475 537 4557 juberentur,
571 4470 753 4535 detrecteto
780 4492 958 4536 sacramen·
1015 4474 1140 4557 magnis
1165 4490 1326 4537 terrarum
1350 4473 1512 4557 merim„
1540 4462 1654 4545 will·
1676 4466 1764 4523 ΠΜ·

213 4592 1763 4635 mm

249 4696 373 4771 0211.ss
396 4706 457 4755 Μ.
532 4694 568 4767 b)
588 4698 616 4753 in
632 4696 791 4773 Poplicola.
