4012 5370
216 472 289 564 ,90
337 440 340 445 ’
813 453 1170 530 utuuttttva.

220 650 286 712 trs,
312 636 413 711 juxta
430 651 523 708 quem
540 629 647 711 puelli
660 629 791 708 palatas
808 638 965 690 tenentes.
1022 626 1142 709 potuit.
1176 620 1259 707 Ejuo
1283 620 1470 689 adeuntem
1496 594 1674 689 liiatoi‘uut
1695 646 1759 693 oon·

223 739 292 799 ΔΕ.
309 737 332 796 1.
351 737 390 797 11.
408 734 509 816 (Mae.
525 730 639 813 Caes.)
1024 727 1156 812 scripait
1171 724 1404 791 'Pillcmoutiue
1418 726 1463 809 ο).

366 838 412 897 Vt
428 836 482 896 lit.
497 833 541 896 H.
1087 828 1164 923 Quo
1185 848 1273 893 anno
1291 826 1447 893 iudaeam
1464 826 1625 893 invinerit
1639 826 1762 893 Hadria·

222 932 831 1017 Enuctrvs.1v1t.·ttcva·8.c.
864 933 969 1015 impe·
1024 954 1100 1008 nua,
1128 928 1395 996 controvertitur.
1424 930 1569 995 Factum
1594 930 1681 996 istud
1700 952 1762 1017 pra

220 1054 316 1103 rator
335 1043 372 1101 itt
394 1050 553 1119 suggestu
567 1048 662 1099 starts
677 1035 803 1097 milites
819 1033 970 1113 adloqui·
1024 1034 1135 1097 iitctur
1163 1032 1285 1117 Pagius
1312 1050 1398 1095 auno
1427 1030 1471 1099 V·
1495 1032 1536 1097 C.
1566 1034 1648 1115 072.
1675 1032 1712 1099 P.
1728 1034 1762 1099 Ι.

221 1155 289 1207 tur.
310 1140 380 1203 ΑΕ.
394 1139 418 1199 Ι.
438 1136 547 1219 (Patin
564 1137 605 1200 ad
623 1137 713 1202 Suet.
731 1156 763 1218 p.
777 1135 869 1217 377.)
1028 1156 1087 1218 atq
1107 1134 1158 1217 d),
1190 1154 1272 1219 ergo
1300 1132 1373 1217 ipso
1399 1152 1506 1209 anuo,
1537 1134 1637 1217 enjus
1661 1134 1763 1199 auu·

283 1239 471 1305 Adventum
507 1238 665 1302 Hadriani
702 1237 808 1299 noatri
847 1236 881 1297 in
917 1239 968 1299 l'u·
1023 1236 1073 1299 dia
1100 1235 1256 1299 ianuariis
1282 1234 1398 1299 coetui
1420 1234 1479 1297 111.
1506 1236 1677 1319 prooessit
1700 1256 1765 1303 ooo·

222 1344 336 1410 daeam
360 1355 500 1405 testatur
525 1339 592 1403 Dio
615 1340 656 1421 ¹).
698 1340 828 1402 Desunt
859 1338 966 1415 numi,
1023 1338 1099 1423 lega
1126 1338 1273 1403 Raetico.
1315 1336 1527 1403 Sententiam
1560 1358 1666 1403 auam·
1689 1338 1763 1403 binis

222 1447 279 1531 qui
293 1443 493 1508 Hadrianum
508 1445 734 1504 restitutorem
751 1443 896 1505 Iudaeae
914 1460 969 1504 oe·
1026 1439 1221 1504 testimoniis
1256 1438 1467 1523 comprobat,
1509 1460 1585 1505 true
1620 1442 1764 1505 chrona

220 1549 405 1620 lebrarent‚
428 1544 490 1609 etsi
510 1557 606 1628 typua
624 1542 714 1605 nami
734 1542 836 1626 primi·
849 1564 969 1608 revera
1025 1540 1259 1619 Alexandrini,
1285 1542 1464 1617 numantia,
1491 1539 1618 1607 iiadem
1638 1544 1764 1607 consuli·

220 1647 464 1713 restitutionem
488 1646 644 1711 imitetur.
688 1644 757 1709 Sed
789 1645 878 1711 enim
908 1644 971 1707 illo
1026 1644 1087 1707 bur
1115 1643 1319 1708 Hadrianum
1344 1644 1479 1709 venisse
1507 1644 1763 1729 merorum.

221 1752 405 1836 imperante
432 1747 568 1830 indigna
589 1759 660 1811 erat
685 1766 722 1809 ca
744 1747 853 1824 natio,
885 1765 968 1831 quae
1026 1746 1191 1831 rebusque
1211 1744 1259 1809 ibi
1280 1740 1436 1809 ordinatio
1462 1732 1588 1833 urbem
1609 1746 1655 1812 de
1675 1768 1710 1813 so
1727 1746 1764 1811 di·

221 1868 360 1939 augusto
376 1850 539 1914 benelicio
552 1864 771 1913 recrearetur
774 1846 878 1912 Satis
893 1866 972 1910 cou-
1026 1847 1113 1912 ritae
1131 1849 1281 1911 Aeliam.
1302 1847 1420 1912 Altero
1433 1848 1622 1931 Epiphanii
1633 1868 1677 1914 er
1690 1848 1762 1913 libro

221 1970 301 2033 atat,
332 1967 454 2039 quanto
480 1952 612 2028 furore,
644 1952 699 2035 qui
726 1948 826 2013 iidem
858 1950 970 2013 buma-
1026 1950 1069 2013 de
1090 1948 1268 2014 Ponderib.
1290 1961 1325 2013 et
1343 1950 1512 2027 Hoetu..
1553 1950 1650 2035 cujus
1679 1950 1761 2017 trabs

220 2078 295 2119 nam
315 2068 465 2137 superet,
490 2054 596 2116 adhuc
611 2052 757 2135 Trajano·
775 2072 887 2114 rerum
912 2071 971 2133 po-
1025 2064 1114 2114 tuntt
1148 2051 1342 2114 Hadrianus
1361 2052 1610 2127 Antiochiam,
1639 2072 1681 2117 aa
1701 2054 1764 2115 Cot·

219 2160 280 2221 tito
310 2158 446 2220 fanatica
475 2176 514 2218 ea
544 2174 624 2237 gene
646 2152 736 2217 velut
761 2166 873 2215 oestro
896 2172 970 2234 per·
1025 2156 1081 2216 len
1108 2153 1265 2235 Syriam,
1297 2152 1510 2230 Phoenicem,
1546 2168 1584 2217 et
1616 2154 1764 2219 Palaesti-

222 2281 315 2322 cuasa
337 2258 547 2339 cyrenaicam
569 2256 729 2339 primum,
760 2274 850 2338 quae·
865 2253 969 2316 accle-
1026 2274 1227 2333 uam,.quae
1240 2254 1529 2330 Iudaeads'eittsr,
1550 2274 1665 2332 artua,
1681 2274 1765 2337 quast

222 2361 269 2423 ria
300 2358 532 2421 incunabulum
561 2357 641 2431 fuit,
680 2354 799 2445 deinde
828 2355 968 2416 Alexan·
1026 2376 1141 2419 eversa
1150 2360 1290 2440 ficerat,
1307 2358 1447 2439 septimo
1468 2368 1506 2417 et
1520 2360 1764 2439 quadragesim

224 2459 346 2533 driam,
372 2478 409 2519 ac
432 2460 574 2541 Cyprum
595 2454 766 2532 caedibus,
791 2454 968 2529 incendiis,
1023 2476 1210 2540 peragrans
1233 2456 1502 2540 Hierosolymam
1530 2460 1765 2521 celeberrimas

222 2560 345 2643 rapinis
364 2558 555 2643 pervaserit.
584 2555 637 2618 Ad
658 2556 851 2639 obsequium
871 2556 969 2620 armia
1027 2560 1141 2622 urbem
1159 2578 1203 2620 aa
1216 2556 1460 2621 nobilissimam
1477 2562 1668 2637 eomedit,
1682 2576 1766 2640 quent

222 2662 356 2727 redacta
378 2660 502 2745 quievit
522 2659 690 2744 tantisper.
721 2659 886 2733 Subinde,
909 2678 970 2722 eeu
1033 2662 1128 2723 Titus
1144 2660 1348 2741 Vespasiani
1359 2656 1465 2743 filius
1480 2660 1631 2722 secanda
1649 2662 1704 2723 sui
1717 2662 1767 2721 im·

225 2764 315 2850 quod
349 2763 595 2845 Hieroaolymas
634 2761 795 2825 coloniam
835 2760 971 2825 deduxit
1024 2764 1116 2846 perii
1140 2780 1227 2822 anuo
1250 2772 1423 2823 everterat.
1454 2760 1617 2825 chronici
1641 2760 1767 2824 Alerta·

224 2865 428 2943 Hadrianus,
452 2879 490 2928 ut
505 2866 549 2928 ait
565 2863 631 2927 Dio
649 2862 702 2945 b),
728 2884 789 2926 eeu
806 2862 895 2948 quod
915 2884 972 2946 ge·
1028 2860 1115 2922 drini
1137 2858 1264 2935 edicto,
1288 2860 1365 2945 quia
1391 2860 1455 2945 ipsi
1476 2862 1637 2927 contule!
1657 2860 1765 2928 adduo-

225 2970 336 3033 uitalia
360 2967 554 3053 praecidere
575 2978 781 3041 vetarentur,
815 2980 851 3028 ut
874 2967 972 3049 Spar·
1029 2978 1098 3039 tur,
1114 2975 1206 3025 certe
1220 2960 1456 3047 intelligendu·
1473 2984 1579 3027 aeuus
1595 2964 1687 3031 V.C.
1701 2966 1765 3044 872.

225 3073 314 3136 tiano
347 3072 466 3146 uuam,
505 3068 612 3152 palam
642 3067 833 3151 obsequium
863 3068 971 3142 exuit,
1029 3064 1081 3126 nd
1097 3064 1315 3148 Epiphaniam
1334 3063 1423 3151 quod
1440 3065 1575 3142 attinet,
1600 3066 1708 3129 minuo
1725 3064 1767 3125 illi

226 3175 370 3256 arsitque
395 3169 529 3233 infando
551 3170 643 3233 bella
663 3167 767 3231 omnia
789 3168 973 3232 Palaestina
1028 3167 1134 3251 probe
1163 3186 1238 3229 cam
1257 3180 1412 3252 computo
1435 3166 1588 3232 chronici
1613 3166 1766 3233 convenit.

226 3274 316 3337 lecto
334 3274 417 3335 duce
432 3269 655 3335 Barchocebr.
684 3270 772 3332 Belli
795 3270 904 3346 initia,
928 3284 972 3333 ta·
1030 3270 1152 3352 Captae
1160 3268 1293 3333 tuerent
1307 3268 1677 3353 a'l'itoHierosoiymee
1690 3268 1767 3339 Μ.

227 3377 324 3439 metti
340 3392 401 3459 pcr
416 3372 530 3457 populi
545 3371 700 3436 commoti
716 3372 873 3436 vilitatem
888 3371 973 3435 levia
1030 3371 1093 3435 aaa
1108 3370 1162 3434 die
1176 3374 1217 3437 11.
1236 3370 1456 3455 Septembris,
1480 3392 1566 3457 erge
1585 3394 1688 3439 annus
1705 3390 1769 3453 tep-

228 3476 335 3541 rideri
354 3488 520 3559 poterant,
545 3495 613 3538 non
638 3486 753 3559 tamen¹
773 3474 973 3557 aspernanda
1030 3476 1128 3537 timue
1157 3493 1196 3537 ac
1226 3472 1493 3558 quadragesimae
1519 3474 1680 3541 Chronici
1708 3472 1767 3539 eri·

228 3579 412 3641 Hadrianus
443 3577 615 3641 arbitratur
646 3578 765 3640 lulium
797 3577 972 3653 Severum,
1028 3577 1076 3640 vit
1093 3574 1211 3640 eodem
1235 3574 1384 3641 dieenni
1402 3574 1494 3643 Π).
1517 3574 1594 3657 870.
1633 3574 1768 3661 Ateuim

230 3702 296 3766 quo
312 3679 583 3765 praestantiorem
600 3678 718 3743 ducem
741 3699 780 3742 ea
801 3693 888 3742 aetas
906 3699 973 3741 non
1029 3677 1094 3742 hoe
1115 3690 1268 3761 tempore
1283 3678 1339 3745 vir
1359 3676 1535 3763 imperium
1553 3676 1664 3743 adbuc
1678 3676 1769 3761 dequ-

230 3783 364 3859 habuit,
396 3802 438 3845 ex
460 3780 626 3843 Britannia
652 3792 784 3857 evocat,
815 3780 971 3865 belloque
1029 3778 1333 3846 suritfladruuur.
1366 3780 1423 3843 att
1437 3782 1574 3867 quidem
1589 3780 1723 3865 Pagina,
1738 3788 1770 3839 ut

230 3882 382 3970 gerendo
407 3882 573 3968 praeficit,
605 3880 660 3965 qui
689 3880 819 3945 taudem
845 3882 975 3944 nonnisi
1031 3896 1206 3969 utrumque
1221 3895 1390 3947 auctorem
1403 3882 1581 3959 concillet,
1607 3896 1642 3947 et
1657 3878 1770 3945 biennii

230 4008 350 4071 aegre,
378 4006 416 4049 ac
440 3984 549 4049 multis
574 3984 715 4065 acceptia
742 3983 973 4059 incommodis,
1032 3984 1198 4049 deiectam
1214 3984 1388 4062 reaarciat,
1408 4004 1530 4047 aarum
1545 3984 1688 4069 primum
1702 3982 1770 4067 api·

231 4088 332 4173 captia
348 4090 485 4164 iterum,
506 4102 603 4206 atque
618 4086 739 4148 lterum
753 4107 877 4151 eversio
896 4087 975 4149 Hic·
1031 4088 1143 4169 pbauii
1172 4106 1238 4150 nou
1266 4084 1451 4149 ducendum
1487 4084 1530 4153 ab
1561 4106 1650 4153 anno
1678 4082 1767 4155 VC.

229 4192 420 4295 rosolymia,
452 4190 571 4253 excisio
599 4189 761 4266 caatcllia,
791 4188 974 4277 intersectis
1031 4187 1108 4267 aaa,
1154 4208 1216 4254 reu
1252 4176 1418 4271 captaium
1452 4188 1765 4271 Hierosolymam,

232 4268 398 4369 omnibus,
422 4316 477 4376 qur
467 4290 669 4365 obstitere,
691 4291 828 4375 reliquia
845 4289 904 4351 rub
920 4290 976 4351 ha·
1032 4290 1092 4353 aed
1112 4288 1153 4353 ab
1174 4308 1260 4353 anuo
1288 4302 1466 4374 aequente,
1497 4310 1570 4377 quo
1596 4290 1765 4375 triumphus

233 4413 280 4459 sta
302 4395 463 4471 renditia,
490 4394 584 4457 bello
600 4392 777 4457 temerario
798 4392 927 4455 iincm
917 4414 976 4453 un-
1032 4390 1184 4455 iudaicae
1217 4405 1309 4456 actua
1336 4404 1403 4469 ert,
1442 4410 1482 4455 ac
1518 4406 1707 4475 praeterea,
1735 4392 1767 4451 tit

269 4640 300 4691 l.
269 4620 556 4692 caetrata.
655 4614 942 4689 attentati..
1036 4624 1068 4693 ο)
1086 4616 1380 4697 arietantur.
1474 4608 1765 4689 montereau

231 4712 310 4766 ltttttr
326 4730 390 4765 aun.
