3998 5340
211 508 285 578 iil
844 484 1156 558 TRAIANVS.

215 658 337 722 militer
351 676 435 721 anno
454 668 643 741 praesente,
663 667 760 738 atque
773 672 838 716 non
855 655 958 718 molto
1016 652 1223 739 superiorem
1250 651 1396 720 recitari.
1440 652 1546 718 Siout
1570 652 1635 721 init
1656 656 1693 721 iu
1714 678 1766 723 ra·

214 776 289 827 ante
309 781 405 847 quam
426 758 467 823 ad
488 758 611 822 bellurn
631 756 819 821 Parthicum
842 758 959 832 exiret,
1017 756 1115 840 gione
1144 754 1235 817 urbis
1263 754 1367 833 Vnt,
1401 766 1441 819 ut
1472 768 1611 821 testatur
1651 760 1690 823 Ρ.
1712 762 1768 827 Vs·

214 864 261 928 sic
279 877 315 926 ut
330 863 496 940 rideatur,
521 882 588 924 non
608 861 756 926 voluisse
771 877 846 922 eum
863 873 961 923 antea·
1013 871 1088 921 otor
1108 853 1153 938 b).
1189 857 1269 939 Ejus
1283 857 1499 921 arulsitootum
1519 859 1586 922 Dio
1604 860 1674 923 alio
1692 861 1768 927 locu

214 965 296 1027 urbe
320 964 455 1048 egredi,
483 978 655 1048 antequam
678 961 863 1046 impositam
880 980 957 1045 ope·
1015 958 1125 1043 prodit
1157 959 1298 1021 eundem
1326 958 1572 1041 Apollodorum
1592 962 1770 1029 hues-

211 1066 304 1130 ribus
319 1068 386 1128 suis
406 1085 589 1148 supremam
605 1085 752 1141 manum,
774 1079 879 1147 eaque
900 1062 957 1123 de·
1013 1082 1109 1135 num,
1140 1059 1196 1143 qui
1217 1074 1251 1122 ct
1272 1058 1455 1123 mirabilem
1477 1077 1615 1146 pontem
1645 1066 1682 1128 in
1704 1066 1769 1131 Ds-

212 1167 317 1231 dicata
332 1167 403 1249 ipse
414 1166 632 1247 conspiceret.
665 1165 739 1227 Non
755 1164 830 1228 lere
848 1164 957 1246 conje-
1011 1160 1213 1225 nubis-lecit
1228 1162 1269 1241 c).
1296 1159 1459 1225 Ornatam
1476 1162 1581 1230 inissa
1601 1166 1768 1255 undamn·

213 1283 325 1334 sturae
341 1266 443 1329 robur
456 1264 545 1328 addit
559 1265 696 1328 omissus
715 1265 750 1327 in
767 1264 888 1328 horum
904 1285 958 1326 an·
1014 1282 1080 1345 que
1102 1261 1284 1327 simulacris
1311 1262 1497 1345 hominurn,
1525 1286 1710 1354 equorum,
1732 1284 1768 1334 st

213 1371 277 1433 ties
290 1370 402 1431 titulus
413 1366 586 1441 oritur,
604 1386 702 1450 quem
714 1366 798 1428 inira
813 1366 846 1427 in
859 1365 958 1428 anim·
1015 1362 1189 1446 insignium
1219 1364 1422 1443 militarium,
1462 1386 1529 1431 non
1563 1388 1686 1434 nunus
1712 1372 1765 1436 hio

214 1470 407 1536 adversione
426 1471 451 1533 l.
469 1466 616 1530 dicemus
639 1468 770 1531 labente
794 1466 857 1531 hoc
873 1486 959 1529 anno
1017 1465 1116 1528 modo
1139 1478 1296 1543 ostentet,
1326 1487 1441 1532 rerum
1461 1480 1495 1532 et
1512 1468 1674 1554 seriptum
1691 1494 1766 1559 pre-

211 1571 385 1649 oollatum,
414 1583 450 1634 et
464 1569 537 1634 sere
559 1571 648 1634 circo
660 1583 867 1647 autumnum,
893 1588 959 1653 quo
1018 1565 1135 1632 didere
1164 1567 1338 1632 Pausanias
1352 1568 1401 1651 d),
1445 1582 1482 1633 et
1513 1570 1553 1631 A.
1578 1570 1712 1639 Gellius
1725 1579 1765 1659 ο),

212 1673 310 1737 stiam
328 1686 480 1757 ternpore
496 1671 538 1734 ad
551 1670 676 1736 bellum
692 1692 863 1757 egressum
879 1670 960 1732 disi·
1018 1669 1074 1753 qui
1113 1669 1210 1732 etiam
1247 1669 1352 1747 addit,
1393 1670 1615 1757 subruptum
1644 1674 1765 1743 l'uism

212 1795 301 1850 mus,
325 1775 377 1839 sic
402 1789 436 1837 ut
458 1773 520 1837 hos
540 1794 657 1837 numos
679 1774 787 1838 serius
815 1775 959 1859 signatos
1016 1770 1088 1833 Ex,
1105 1771 1373 1847 nativorum..
1387 1772 1542 1837 nimirum
1555 1776 1766 1845 Dacicum.

212 1877 372 1942 credibile
394 1877 534 1940 nonsit.
569 1874 701 1939 Deinde
721 1894 796 1938 cum
816 1887 960 1949 constet,
1018 1874 1052 1936 lo
1088 1872 1273 1956 reportetis.
1324 1875 1514 1939 unnim
1548 1878 1767 1945 muium

213 1978 396 2042 columnam
413 1975 615 2054 cochlidem,
637 1997 721 2060 quse
737 1978 772 2039 in
788 1978 860 2062 ipso
879 1979 960 2039 lna·
1016 1974 1088 2052 ejus
1111 1986 1315 2037 structuram
1335 1980 1440 2040 stiam
1462 1980 1642 2045 nanim
1659 2000 1769 2049 ama·

211 2079 278 2164 jani
296 2081 372 2144 foro
388 2078 488 2155 stetit,
505 2078 592 2144 circa
609 2078 697 2144 idem
712 2093 840 2163 tempus
857 2077 961 2140 inisse
1016 2077 1112 2140 sione
1126 2076 1337 2154 mirabilem,
1355 2077 1486 2158 ejusque
1498 2081 1769 2163 giganteum

213 2180 409 2258 dedicatam,
440 2182 531 2245 utsd
549 2204 668 2244 annum
690 2181 895 2263 superiorem
914 2176 961 2239 di·
1018 2187 1133 2238 tratas
1154 2198 1214 2239 nec
1238 2178 1349 2239 relatu
1370 2181 1539 2271 ffldiles,
1567 2202 1632 2246 m
1655 2204 1773 2248 rursus

211 2283 333 2357 ximus,
365 2282 494 2345 ridetur
521 2283 641 2345 codem
672 2296 823 2364 ternpore
851 2279 958 2362 ipsum
1016 2278 1216 2338 mortalibus
1243 2281 1439 2358 appetendos
1470 2272 1567 2349 vocat
1587 2280 1635 2367 ί),
1673 2298 1770 2371 atqu

214 2384 310 2444 etism
341 2383 449 2444 lorum
479 2383 672 2465 Traianum,
711 2395 746 2444 et
773 2380 957 2454 basilicam,
1015 2375 1617 2460 interreliquaeommendststatuum
1638 2388 1771 2471 bajani

213 2502 296 2567 quse
317 2483 389 2565 ejus
406 2502 537 2566 quoque
556 2502 630 2565 pars
650 2480 790 2553 exstitit,
816 2478 962 2543 dedicas·
1019 2491 1219 2562 equestrem,
1239 2501 1334 2566 quam
1352 2481 1453 2565 ipsam
1472 2482 1627 2550 exbiberi
1639 2502 1723 2571 putu
1738 2488 1771 2551 in

213 2605 266 2660 ss,
298 2604 335 2648 su
350 2585 418 2646 tirm
435 2584 567 2648 demum
583 2583 733 2648 omnibus
751 2583 804 2647 lais
819 2581 962 2668 peractis
1020 2579 1090 2660 ejus
1107 2582 1215 2642 numia
1239 2578 1272 2643 in
1296 2582 1466 2646 consulatu
1487 2584 1542 2652 Ἦ.
1558 2589 1660 2655 cusis.
1701 2588 1770 2655 Sed

214 2686 253 2750 ud
270 2685 394 2752 bellum
409 2688 570 2753 intentum
585 2705 750 2772 egressus·
1020 2696 1053 2745 et
1062 2680 1165 2745 multo
1176 2681 1281 2747 adhuc
1292 2685 1396 2747 serius
1407 2686 1477 2769 ejus
1491 2688 1769 2773 singultiamus·

1014 2783 1216 2868 praedicarit
1227 2784 1450 2863 Cassiodorus,
1463 2806 1538 2852 cum
1554 2788 1600 2855 ait
1613 2794 1667 2875 ηε
1691 2794 1769 2859 Τη-

472 2903 491 2941 s
576 2856 596 2894 ⁴
681 2903 700 2939 s
1011 2886 1211 2968 jarrifhram
1226 2888 1352 2950 velsub
1366 2892 1568 2955 assiduitate
1582 2896 1769 2959 viverem·-

376 2994 715 3060 innotuerant&
735 2990 835 3060 AVG.
856 2987 958 3051 GER.
1015 2989 1166 3050 rasulam
1187 3002 1249 3055 est.
1281 2989 1370 3085 Quin
1388 2990 1443 3055 rel
1459 3004 1603 3059 uenio
1630 2998 1767 3063 used·

377 3095 477 3158 ΒΑΕ.
504 3097 543 3160 Ρ.
569 3097 612 3154 nc
639 3095 710 3159 Til.
732 3094 770 3158 P.
790 3091 885 3157 008·
901 3090 957 3158 vt.
1016 3087 1105 3155 tut.
1128 3107 1224 3153 aeras
1249 3091 1451 3158 Christianae
1472 3102 1539 3158 ιιιιι
1565 3098 1768 3183 spectabiles

376 3194 416 3259 P.
438 3197 475 3258 Ρ.
502 3195 607 3275 Caput
624 3196 823 3258 laureatam.
1018 3188 1123 3255 adhuc
1140 3191 1211 3273 ejus
1230 3191 1327 3257 fuere
1347 3195 1523 3280 reliquias,
1546 3212 1585 3263 ut
1601 3203 1767 3269 tundens

213 3293 383 3361 rottvtt
402 3295 596 3361 TRAlle.
621 3292 823 3378 Aedifieium
837 3295 962 3377 percle·
1018 3292 1094 3355 illae
1112 3291 1297 3376 Gregorius
1317 3298 1362 3361 ll.
1381 3316 1464 3381 psps
1487 3310 1597 3364 tsstse
1619 3302 1767 3369 subm

212 3419 300 3481 gans
321 3388 463 3476 s'trrtais,
486 3400 666 3472 columnis,
695 3397 842 3478 tropaeis
864 3414 961 3455 orrra-
1018 3395 1135 3459 ctionis
1158 3394 1333 3461 admiratus
1355 3399 1528 3463 consilium
1549 3398 1692 3469 andum
1714 3424 1766 3471 su·

218 3515 300 3566 tam.
322 3499 394 3567 AV.
417 3504 518 3580 (Mus.
534 3500 644 3579 Caes.)
1017 3515 1167 3581 premam
1179 3515 1300 3560 numen
1314 3498 1501 3584 implorare,
1515 3515 1551 3567 ut
1563 3500 1607 3567 ab
1618 3508 1767 3573 merab

277 3603 401 3665 Nomos
424 3602 478 3665 liic
503 3602 639 3685 insignis
662 3598 806 3663 iubricae
825 3597 961 3662 admira·
1018 3598 1138 3662 inferni
1164 3600 1280 3683 poenis
1303 3602 1506 3668 eximeretur
1528 3606 1692 3690 Traianus
1717 3626 1766 3673 sr-

215 3705 283 3768 bile
304 3705 387 3767 illud
407 3704 517 3767 forum
540 3703 688 3777 exhibet,
719 3701 773 3763 cui
795 3715 830 3764 ιιι
851 3701 960 3763 locam
1017 3701 1194 3778 oltitectus,
1221 3720 1330 3789 neque
1354 3704 1569 3771 reluctsutam
1592 3708 1658 3793 piis
1682 3710 1767 3773 retis

216 3808 363 3891 planum,
400 3820 496 3890 atquc
527 3818 746 3888 opportunum
775 3803 958 3887 reperiret,
1019 3803 1117 3869 deum
1141 3804 1366 3888 experiretur,
1387 3828 1483 3892 quarn
1512 3808 1659 3894 lepidam
1676 3810 1766 3875 falsa·

216 3909 373 3989 Traianus
409 3909 589 3971 obstantem
627 3918 773 3969 montem
809 3904 959 4001 Quirina·
1016 3906 1081 3971 lam
1106 3906 1264 3971 miremur
1286 3930 1305 3972 a
1329 3908 1434 3974 Paulo
1458 3909 1598 3977 diacono
1620 3911 1763 3999 μὴ·

217 4012 282 4075 Ιοιιι
306 4022 392 4074 tanta
418 4007 604 4083 altitudine,
641 4021 758 4091 quanta
786 4009 957 4074 columnae
1015 4009 1117 4075 luisse
1134 4006 1359 4094 adprobatam,
1380 4010 1503 4077 deinde
1520 4010 1686 4101 vulgata·
1699 4014 1746 4097 ΙΙ).

217 4112 377 4177 cochlidis
408 4126 474 4189 est,
505 4110 598 4194 jussit
628 4108 748 4187 ell'odi,
780 4124 816 4173 nt
837 4109 960 4175 diserte
1160 4112 1285 4175 Eadem
1307 4114 1528 4197 epigraphes
1545 4130 1661 4199 eaput.

216 4215 282 4277 Dio
304 4216 351 4290 ⁸),
382 4228 415 4277 et
440 4234 513 4278 curn
539 4212 609 4294 ejus
632 4213 743 4276 verbis
763 4212 861 4295 plene
884 4233 961 4276 con·
1017 4212 1383 4281 tttsmtcnvm'ta
1408 4217 1763 4301 Postieasprrelems

215 4317 342 4402 spirans
368 4317 566 4399 epigramma
584 4315 646 4399 ipsi
673 4314 845 4377 columnae
864 4317 960 4379 cocli-
1015 4320 1176 4399 gradibus
1190 4318 1362 4396 sublimis,
1388 4331 1423 4383 rt
1439 4323 1566 4385 statuis
1584 4334 1759 4385 aarum

218 4420 275 4481 lidi
293 4421 468 4494 insertum,
497 4418 586 4504 qued
601 4418 765 4502 integrum
784 4415 825 4480 sd
842 4437 960 4480 annum
1017 4418 1088 4484 AV.
1103 4420 1193 4503 (llus
1211 4420 1321 4502 cass)

253 4651 281 4694 a·
303 4644 335 4699 l..
347 4644 474 4702 lxviii.
495 4646 571 4716 §.tm
689 4644 724 4715 b)
746 4643 774 4699 in
791 4644 938 4721 Descript.
954 4643 1018 4701 urb.
1141 4648 1172 4705 cl
1192 4645 1222 4701 l..
1235 4644 1332 4703 Lm.
1350 4650 1375 4719 5.
1388 4662 1414 4709 a.
1533 4642 1565 4703 δ’
1588 4644 1619 4703 1..
1628 4644 1666 4701 V.
1684 4666 1701 4703 s
1721 4654 1758 4705 tt.

219 4730 665 4802 r)n'0er.nrt.l.x11tc.2t.
713 4736 737 4803 s,
760 4733 875 4793 ΗΜ.
926 4738 959 4811 3)
982 4732 1352 4801 Variarlnvliiortno.
1402 4736 1487 4807 lt)in
1500 4732 1753 4813 ritsSGrsss.

1508 5002 1549 5051 fl
