4012 5370
875 410 877 412 ’
905 449 1077 524 naua
1678 470 1797 559 ess

220 621 313 695 hant,
337 619 412 681 lovi
432 622 625 682 Liberatori
646 619 684 699 ⁸).
722 621 758 679 ln
779 637 879 680 numo
899 621 966 682 hlu-
1023 621 1206 698 καθιερωσι,
1232 630 1301 680 tum
1324 636 1450 697 auoque
1470 620 1561 682 Nero
1573 621 1693 701 soram
1716 600 1772 682 al·

215 722 355 806 goeaiua
379 720 464 804 apud
482 721 627 803 Sipylum
643 721 713 802 ipse
732 721 823 784 Nero
847 719 965 784 dicitur
1023 725 1211 795 saniorum,
1230 721 1317 797 quoa
1335 720 1613 784 MACELLVM
1631 723 1768 798 dicitur,

220 820 352 887 ZGTC.
374 818 665 885 ΕΛΕΤΘΕΡΙΟΟ
688 818 731 904 b).
1022 822 1200 888 dedicavit.
1222 822 1350 883 Nomen
1365 821 1463 883 traxit
1481 844 1499 884 a
1516 822 1659 887 Macella
1675 821 1770 886 urbia

1023 922 1185 1008 quondam
1208 922 1329 1007 insigni
1350 923 1498 1001 latrone,
1528 946 1591 1008 quo
1620 925 1771 994 damnato

224 1027 264 1090 1..
367 1020 970 1091 NERO.CLAVDIVS.CAE.AVG.
1001 1038 1209 1089 retatuerunt
1238 1045 1411 1099 censores,
1444 1037 1480 1086 ut
1508 1025 1541 1085 in
1571 1027 1641 1108 ejus
1672 1029 1772 1095 domo

370 1129 476 1205 Caput
496 1127 694 1186 laureatum.
1028 1126 1252 1189 venderentur
1286 1124 1437 1200 obsonia,
1473 1138 1509 1186 ut
1545 1129 1609 1209 jum
1647 1132 1773 1194 monuit

224 1227 483 1291 LEIBERTAS.
531 1228 638 1305 Caput
668 1230 748 1288 deae
776 1227 973 1290 Libertatis.
1028 1229 1272 1308 Havercampus
1296 1246 1337 1290 ex
1359 1228 1527 1302 Varrone,
1553 1243 1586 1290 et
1606 1231 1706 1297 Festa
1727 1231 1774 1314 ¹¹).

229 1330 297 1395 AV.
319 1329 433 1409 (Vuill.
451 1327 612 1407 hierelli.)
1029 1330 1199 1391 Annonam
1224 1328 1358 1388 macelli
1384 1327 1479 1389 etiam
1505 1328 1679 1395 Suetonius
1705 1355 1775 1397 me·

288 1429 385 1492 Ratio
403 1427 600 1511 epigraphes
619 1427 652 1487 in
670 1440 762 1509 parte
783 1447 915 1505 aversa,
938 1441 973 1492 et
1031 1444 1136 1492 morat
1161 1428 1194 1509 ἰ).
1217 1427 1334 1489 Dionis
1355 1428 1454 1490 verba
1472 1431 1641 1512 praeclare
1658 1435 1776 1496 confir·

226 1530 298 1614 ipse
320 1544 415 1613 typus
437 1529 637 1612 reipublicae
657 1540 806 1611 tempora
824 1529 973 1613 sapiunt3
1030 1545 1118 1594 mant
1138 1531 1173 1590 hi
1194 1529 1300 1606 numi,
1327 1528 1488 1615 simulque
1510 1531 1612 1614 ipsam
1634 1533 1776 1598 aedificii

227 1654 299 1696 num
320 1631 437 1695 eadem
459 1651 573 1694 aversa
598 1631 629 1691 in
651 1630 798 1707 Cassiae,
823 1631 976 1696 aliarum·
1028 1630 1166 1695 formam
1183 1631 1318 1706 aiatunt,
1339 1651 1404 1713 quo
1419 1633 1511 1695 Nero
1528 1632 1650 1696 dietum
1665 1634 1777 1698 sorum

228 1755 290 1820 que
310 1733 508 1799 familiarum
524 1732 631 1794 nomia
650 1732 816 1818 frequens.
1030 1731 1210 1798 exornavit.
1233 1733 1365 1814 Operae
1382 1732 1522 1814 pretium
1540 1754 1606 1796 non
1624 1735 1704 1799 iecit
1719 1738 1776 1800 Bi·

482 1880 503 1917 „
586 1834 606 1870 '¹'
690 1883 711 1918 ,
1028 1832 1178 1906 maudut,
1194 1854 1268 1896 eum
1284 1832 1453 1896 liberalius
1468 1833 1622 1898 refutavit
1636 1836 1778 1903 Haedui·

367 1939 414 1999 Vt
432 1937 486 2000 lit.
501 1936 541 1999 B.
568 1937 674 2017 Caput
692 1938 874 2000 radiatam.
1028 1957 1119 2014 num,
1134 1934 1190 2020 qui
1206 1934 1408 2018 epigraphen
1427 1935 1617 2018 explicavit:
1634 1939 1778 2005 MAuso·

224 2036 328 2100 ttae.
350 2036 453 2102 AVG.
483 2038 515 2098 S.
534 2036 570 2100 C.
598 2038 712 2098 addito
741 2041 777 2098 in
806 2037 980 2117 plerisque
1029 2040 1117 2100 leam
1135 2037 1291 2100 Caesaris
1308 2036 1471 2104 AVGasti
1490 2035 1536 2120 ιι).

223 2142 318 2222 infra
337 2140 377 2201 II.
401 2138 603 2222 Aedificium
615 2137 810 2218 perelegans
821 2135 977 2217 plurilus

225 2241 391 2302 calumnis
409 2239 556 2320 fultum.
595 2239 668 2304 ΑΕ.
691 2240 732 2300 11.
768 2240 850 2302 Sunt
877 2235 974 2300 etiam
1032 2242 1082 2305 M.
1180 2239 1269 2303 INP.
1304 2238 1439 2305 NERO.
1477 2240 1635 2308 CLAVD.
1673 2240 1778 2305 CAE-

225 2340 341 2404 unt
1179 2341 1276 2404 sen
1292 2340 1776 2407 nvo.on1r.1>.n.rn.e.
1887 2409 1896 2421 s

290 2440 477 2504 Secundum
495 2440 705 2504 Plutarchum
726 2443 757 2523 c)
774 2439 916 2505 Romani
933 2461 976 2498 ru
1181 2444 1220 2507 P.
1232 2442 1269 2506 P.
1296 2443 1403 2523 Caput
1418 2445 1624 2520 laureatum,
1643 2445 1681 2506 in
1693 2445 1774 2509 aliis

223 2546 377 2620 ιςιιικωλι
379 2567 399 2601 a
421 2547 604 2625 μαιελλακ
589 2566 638 2602 ma
628 2546 822 2625 puaellae
845 2545 974 2617 uuluae,
1182 2525 1254 2606 alla
1269 2547 1574 2627 capitisinscriplio
1590 2563 1634 2606 ex
1646 2545 1779 2622 jamco-

225 2644 351 2717 lacam,
377 2647 435 2704 abi
458 2665 615 2705 carnes
597 2644 798 2719 tendantur,
820 2642 977 2719 macella,
1180 2639 1299 2726 gultis.

223 2746 281 2806 ael
304 2742 459 2805 macellae
483 2765 563 2822 appe
565 2744 662 2806 l.lant
700 2745 824 2811 Verum
848 2743 976 2805 Pliniua
1032 2743 1158 2809 PACE.
1183 2745 1222 2808 Ρ.
1244 2745 1285 2807 R.
1308 2743 1471 2810 TERRA.
1495 2741 1650 2833 MARIQ.
1675 2742 1778 2804 PAR·

226 2844 263 2905 in
285 2845 426 2907 macello
449 2842 548 2906 vendi
572 2842 664 2908 olera
685 2845 785 2923 dixit,
809 2860 844 2910 et
863 2845 975 2909 distin·
1033 2843 1647 2926 TA.1ANVM.ch81T.(adactam
1664 2847 1782 2908 aeneis
1817 2892 1820 2896 -

227 2945 299 3030 guit
322 2946 409 3007 inter
430 2949 638 3018 carnarium,
673 2959 708 3008 et
735 2949 909 3010 macellum
931 2945 974 3027 d).
1033 2947 1068 3009 S.
1080 2945 1133 3027 C.)
1156 2946 1331 3028 Templum
1343 2943 1411 3007 lant
1421 2943 1537 3007 clausus
1547 2941 1684 3008 loribus.
1706 2943 1778 3011 AV.

227 3048 336 3111 Etiam
357 3046 499 3113 Varroni
519 3047 693 3111 macellum
714 3061 764 3110 est
774 3050 893 3130 forum
915 3049 976 3110 oli·
1034 3048 1146 3114 AE.1.
1163 3048 1205 3115 11.
1226 3050 1327 3130 (Mus.
1343 3046 1454 3128 Cret.)

230 3155 355 3212 loriam
378 3152 419 3228 e).
460 3149 577 3224 Dioni,
606 3161 642 3210 ut
663 3169 738 3210 mox
759 3148 899 3232 patebit,
926 3161 980 3212 eet

227 3249 338 3313 lorum
362 3248 583 3313 obsoniorum.
621 3248 734 3313 Facile
762 3252 846 3314 haee
871 3251 981 3314 conci·
1188 3253 1235 3313 Vt
1254 3251 1306 3312 lit.
1322 3250 1361 3314 Ε.
1814 3297 1822 3319 .

229 3352 350 3415 hatur
368 3350 477 3415 verbis
493 3351 651 3418 Varronis
675 3349 713 3432 ¹).
741 3352 834 3415 Haec
856 3356 979 3427 amnia,
1035 3351 1160 3413 PACE.
1183 3353 1221 3412 P.
1239 3353 1279 3413 R.
1304 3346 1778 3443 VBIQ.PARTA.1ANVM.

229 3453 355 3539 iuquit,
372 3467 550 3535 postquam
567 3465 740 3514 contracta
756 3457 793 3515 in
811 3475 914 3515 unum
931 3452 981 3513 lo·
1035 3453 1204 3529 CLVSI'P.
1227 3452 1317 3515 Idem
1341 3452 1460 3534 lypum
1484 3448 1554 3514 AV·
1573 3449 1751 3532 (Marulli.)

231 3576 323 3628 σιιηι,
340 3574 425 3632 qaae
438 3557 483 3616 ad
498 3558 621 3617 victum
635 3556 865 3635 pertinebant,
878 3567 912 3615 et
926 3572 980 3615 ae·

230 3654 389 3739 dificutas
414 3655 527 3730 locus,
554 3654 756 3734 appellatam
784 3655 979 3718 Macellum.
1037 3654 1077 3715 N.
1183 3646 1318 3714 NERO.
1331 3647 1513 3711 CAESAR.
1525 3648 1627 3718 AVG.
1640 3648 1778 3711 GERhi.

232 3760 298 3821 lum
314 3777 397 3840 ergo
413 3757 473 3819 hac
492 3754 688 3839 epigraphe,
706 3768 739 3818 et
752 3768 831 3837 typo
844 3768 980 3819 censent
1184 3752 1275 3815 lhiP.
1297 3751 1332 3810 ln
1351 3748 1438 3814 aliia:

234 3858 358 3924 eruditi
372 3859 479 3921 notari
499 3859 697 3933 Macellum,
717 3855 758 3920 de
779 3877 846 3941 quo
863 3857 909 3920 sic
927 3855 981 3918 xi·
1039 3855 1081 3919 0.
1184 3852 1273 3916 lMP.
1300 3851 1436 3917 NERO.
1463 3849 1646 3915 CAESAR.
1676 3847 1780 3917 AVG.
1828 3936 1834 3948 ι

232 3961 379 4044 philinus
397 3981 438 4024 ex
453 3958 559 4021 Ilione
577 3957 626 4037 g),
647 3980 720 4020 rere
729 3981 782 4042 μιν
799 3982 852 4034 rna
868 3956 984 4043 ἆιγοραι
1186 3952 1323 4019 GERM.
1351 3954 1457 4035 Caput
1473 3955 1675 4014 laureatum.

231 4085 290 4125 eur
306 4059 413 4138 ὄψων,
435 4083 469 4122 ro
484 4053 761 4122 MAKEAAON
780 4056 983 4142 airopuapsueu

271 4483 302 4550 a)
321 4480 393 4534 rae.
407 4479 557 4536 mlxv.
571 4482 622 4546 οι,
642 4488 671 4533 a
683 4475 760 4536 xta.
777 4487 822 4540 35.
940 4477 976 4548 u)
996 4473 1121 4532 Pateria
1136 4473 1269 4532 noent.
1285 4472 1389 4549 peto.
1507 4467 1539 4538 c)
1559 4466 1679 4536 οιιοιι
1694 4465 1780 4522 Rom.
1811 4457 1819 4474 “

238 4566 605 4642 d)L.XIX.p.162.165.
696 4568 727 4638 e)
748 4564 1005 4626 del..1..lib.1v.
1091 4562 1192 4635 otc.
1282 4555 1541 4636 g)1..Lx1.§.1t.
1632 4555 1784 4632 h)lmpp.
1855 4635 1860 4647 ι

238 4655 350 4713 10ιείΙί
366 4658 401 4714 Τ.
412 4659 449 4714 ll·
465 4678 494 4733 p.
505 4670 564 4719 tot.
657 4658 680 4730 i)
700 4657 730 4712 in
744 4655 844 4712 Tiher.
862 4675 885 4711 c.
898 4666 942 4721 aa.
1033 4655 1066 4725 k)
1087 4651 1125 4710 od
1137 4650 1239 4722 lobert
1249 4649 1284 4705 Τ.
1294 4649 1331 4710 11.
1347 4667 1377 4725 p.
1387 4658 1449 4708 tte.

280 4766 372 4846 (Vol.
392 4767 465 4847 VI.)
782 4795 789 4806 ·
1449 4754 1485 4815 Μ
1506 4773 1539 4813 m
1644 4815 1648 4821 .
