4012 5370
223 488 273 560 ta

224 642 292 708 Sub
327 641 401 706 anni
429 638 551 704 exitum
579 627 740 701 Antonius
766 656 841 702 cum
867 656 972 702 uxore

222 745 358 809 Octavia
384 746 488 807 Roma
511 741 749 828 proficiscitur,
776 755 811 805 et
833 738 971 806 Athenis

222 847 386 912 hibernat.

325 1090 330 1103 ,
521 1026 667 1097 Nunti:

362 1150 407 1214 M.
438 1147 675 1213 ANTONIVS.
709 1148 755 1211 Μ.
784 1146 823 1212 F.
853 1149 899 1213 Μ.
927 1149 968 1212 Ν.

364 1252 468 1318 AVG.
487 1253 575 1314 IMP.
592 1251 679 1315 lTE.
715 1250 890 1310 Antonius
911 1271 972 1332 po·

363 1356 502 1414 ludatur
515 1375 540 1416 s.
551 1355 632 1434 pede
645 1371 765 1434 prorae
778 1355 875 1412 novis
888 1352 972 1412 insi·

362 1469 464 1530 stens,
482 1456 512 1515 d.
531 1454 676 1528 tostam,
694 1476 720 1514 s.
737 1454 968 1532 paretonium.

219 1558 353 1625 lllVlR.
376 1558 416 1619 R.
439 1558 477 1620 Ρ.
502 1555 538 1618 C.
565 1554 661 1618 008.
686 1552 830 1615 DESIG.
853 1556 970 1620 ITEB.

221 1663 292 1724 ΕΤ.
303 1661 434 1722 TERT.
456 1658 525 1720 Leo
540 1659 702 1740 gradiens
716 1658 747 1718 d.
757 1657 839 1736 pede
851 1659 970 1739 pugio·

180 1758 189 1769 ’
221 1785 311 1839 nem,
323 1781 474 1843 ¹superne
492 1772 628 1821 astrum.
652 1756 723 1823 AV.
741 1756 917 1839 (Morelli.)

276 1864 452 1937 illustrem,
468 1881 504 1923 ac
521 1860 720 1942 singularem
734 1859 819 1921 hunc
835 1879 968 1920 numum

221 1967 284 2029 hoc
303 1966 377 2028 loco
394 1965 511 2026 sistere
529 1960 667 2048 placuit,
690 1982 756 2023 uon
774 1961 862 2045 quod
878 1975 969 2025 certe

220 2066 262 2128 sit
285 2066 380 2148 hujus
406 2065 499 2142 unni,
530 2064 590 2127 sed
617 2063 705 2148 quod
733 2076 871 2147 propter
895 2063 970 2125 titu-

219 2169 289 2230 lum
306 2168 453 2230 consult's
466 2168 635 2246 dest‘gnott'
649 2168 772 2227 iterum
788 2177 821 2226 et
835 2169 971 2228 tertium

222 2271 288 2332 hoc
317 2287 401 2331 anno
429 2267 585 2329 maturius
614 2267 736 2349 signari
763 2286 830 2328 non
856 2266 970 2351 potuit.

222 2373 340 2455 Neque
366 2369 462 2432 etiam
486 2382 632 2447 certum,
662 2383 771 2431 utrum
796 2368 860 2431 hoc
885 2389 970 2431 anno

221 2471 428 2557 imperatoris
448 2470 577 2532 titulum
601 2469 787 2546 iteraverit,
813 2470 874 2533 etsi
897 2492 971 2534 cau·

223 2598 291 2638 sam
312 2574 382 2656 ejus
401 2573 580 2656 speciosam
602 2571 714 2634 habuit
736 2572 905 2636 victoriam
927 2571 969 2635 dc

222 2675 380 2753 Labieno,
397 2688 432 2738 et
444 2675 573 2738 Parthis
590 2676 656 2738 suis
670 2672 820 2758 auspiciis
835 2684 972 2756 partam,

223 2777 401 2863 dequibus
423 2776 529 2840 dubiis
551 2799 643 2862 agam
665 2777 799 2841 uberius
824 2776 908 2842 infra
935 2777 968 2839 in

221 2881 324 2945 titulis
344 2880 487 2945 Antonii.

282 2985 364 3046 ran
390 2983 525 3047 adversa
549 2966 726 3044 antoniani
750 2980 882 3046 musta-t
902 2982 970 3045 cur-

221 3101 258 3148 tu
277 3085 489 3167 conspicuum
509 3083 602 3144 sistit.
631 3084 758 3146 Pedem
774 3104 892 3167 prorae
911 3084 969 3145 im·

222 3186 333 3269 ponit,
373 3204 437 3267 quo
476 3183 635 3245 maritima
670 3186 815 3267 potentia
849 3184 970 3249 iudica·

221 3301 287 3349 tur.
330 3283 420 3346 Alibi
448 3283 515 3344 dixi
544 3282 666 3366 (Choix
687 3283 729 3347 de
751 3285 854 3371 pierr.
878 3306 992 3371 gran,

221 3411 254 3472 p.
277 3388 357 3468 ro),
390 3385 508 3471 pedem
535 3385 586 3448 rei
614 3385 755 3468 cuipiam
781 3388 969 3472 impositum

220 3489 367 3553 indicare
382 3488 452 3570 ejus
468 3488 568 3571 ipsius
585 3488 635 3550 rei
650 3490 901 3573 possessionem,
914 3506 968 3554 aut

221 3591 427 3674 mormius,
450 3604 504 3653 aut
524 3590 762 3670 testimonium,
784 3593 969 3678 quempiam

222 3716 261 3758 ea
290 3695 324 3755 in
351 3714 393 3781 pe
425 3693 610 3769 excellere,
633 3695 828 3759 ¹multumve
858 3716 968 3780 posse.

221 3799 265 3858 At
289 3795 392 3878 magis
415 3796 456 3857 sd
477 3795 612 3857 Antonii
636 3795 803 3859 historiam
829 3797 966 3865 illustris

223 3912 274 3961 est
291 3895 392 3980 partis
409 3915 541 3959 aversae
561 3896 634 3974 leo,
651 3919 749 3982 quem
766 3899 830 3982 jam
850 3902 882 3961 in
899 3903 968 3985 ejus

220 3999 328 4063 numis
360 3995 500 4063 vidimus
531 3996 572 4059 ad
600 3998 642 4064 V.
666 3996 703 4062 C.
728 4018 789 4079 7¹¹
821 4004 970 4088 proposi.

220 4103 272 4166 tis.
303 4099 510 4163 Pertinuissc·
529 4098 642 4191 aliquo
665 4100 764 4165 modo
788 4101 902 4168 leones
928 4104 969 4168 ad

222 4203 418 4279 Antonium,
459 4214 586 4264 certum
617 4192 667 4263 est
695 4224 860 4286 praecone
895 4207 967 4290 ipso

795 468 845 539 bl.
881 462 1205 541 ANTONIVS.

1030 635 1100 700 nuit
1116 650 1225 702 autent
1241 631 1282 700 sd
1295 630 1475 698 Antonium
1487 632 1708 701 fecundaturi
1722 636 1787 701 aui·

1029 741 1113 818 sual,
1149 738 1240 825 quod
1267 737 1309 801 ab
1339 738 1489 802 Hercule
1519 756 1629 822 &nus
1656 738 1781 807 duom

1029 841 1124 906 credi
1160 841 1277 907 voluit.
1320 843 1475 904 Testatur
1508 842 1710 907 Plutarchus
1732 841 1783 927 ΙΙ),

1028 940 1207 1006 Antonium
1236 942 1359 1006 barbso
1386 942 1530 1022 decors,
1568 940 1690 1009 boum
1718 965 1784 1011 asts·

1025 1044 1205 1129 plitudiae‚
1237 1066 1317 1109 nsso
1344 1043 1474 1109 adunco
1499 1044 1661 1110 Herculis
1689 1048 1786 1112 sinsu-

1025 1148 1124 1211 lscris
1146 1168 1338 1231 germanum
1357 1146 1484 1226 visum,
1509 1164 1545 1213 st
1567 1144 1673 1213 scisso
1692 1162 1780 1215 veto·

1029 1270 1101 1313 retu
1130 1249 1459 1328 famam‚”Autonios
1483 1248 1526 1315 ab
1547 1252 1701 1315 Hercule
1728 1268 1782 1337 go-

1028 1370 1090 1412 nus
1119 1349 1263 1427 ducere,
1292 1362 1471 1437 prognatos
1500 1352 1625 1444 quippe
1655 1352 1698 1417 ab
1719 1356 1786 1417 Au·

1028 1465 1107 1515 tono
1143 1453 1299 1517 Herculis
1333 1454 1415 1519 titio.
1457 1453 1560 1537 Apud
1596 1454 1781 1541 Appianum

1030 1554 1227 1617 Octavianus
1249 1555 1377 1638 aparuit
1394 1554 1560 1632 Antonio,
1585 1556 1630 1621 de
1651 1578 1696 1621 eo
1715 1576 1782 1623 sut·

1029 1674 1163 1720 cessere
1183 1655 1386 1742 designando
1404 1650 1610 1723 deliberasse
1629 1660 1657 1724 1.
1672 1658 1781 1723 Cesar

1027 1778 1117 1835 reru,
1142 1772 1241 1844 atquc
1259 1758 1344 1821 illud
1361 1778 1461 1821 unum
1482 1758 1671 1837 obstitisse,
1696 1760 1781 1847 quod

1028 1858 1207 1938 dubitaret,
1235 1878 1457 1945 aequo-cum
1473 1860 1586 1924 animo
1613 1880 1659 1925 ex
1680 1862 1782 1927 Hera·

1026 1962 1187 2025 clidsrum
1219 1975 1319 2046 gente
1351 1961 1393 2027 sd
1423 1962 1600 2027 Aeneades
1634 1964 1782 2047 mutu·

1028 2084 1101 2124 rum
1124 2065 1166 2145 ο).
1202 2062 1402 2127 Hoc-fretus
1423 2086 1521 2127 ausus
1542 2064 1665 2143 luerit,
1696 2064 1781 2150 quod

1029 2187 1047 2228 a
1082 2167 1215 2229 nemine
1248 2164 1406 2229 hactenus
1437 2168 1566 2231 Romae
1605 2180 1780 2247 tentatum,

1028 2282 1179 2352 tempore
1206 2268 1297 2332 belli·
1312 2267 1494 2332 Pharsalici
1519 2269 1644 2352 junctis
1670 2272 1781 2335 currui

1028 2370 1178 2434 leonibus
1202 2368 1238 2430 in
1257 2368 1340 2432 urbe
1357 2369 1532 2454 progredi,
1556 2372 1782 2456 quod-testan-

1027 2485 1083 2534 tur
1103 2471 1229 2533 Plinius
1250 2470 1301 2553 ἃ),
1330 2484 1364 2535 et
1387 2473 1584 2538 Plutarchus
1612 2475 1660 2557 a),
1683 2488 1779 2560 atquo

1027 2594 1071 2636 ex
1091 2572 1207 2651 eadem
1223 2592 1320 2637 causa
1336 2574 1493 2638 Herculis
1509 2576 1637 2639 cultum
1654 2576 1782 2662 praeis·

1026 2695 1103 2737 rens
1124 2674 1320 2759 proponitur
1343 2677 1377 2738 in
1403 2676 1511 2739 numis
1533 2678 1780 2761 Alexandrinis,

1027 2792 1061 2842 et
1095 2777 1325 2853 oontornistis‚
1363 2800 1456 2863 quos·
1476 2779 1555 2845 ride
1591 2782 1659 2845 suis
1689 2782 1781 2848 iocis.

1027 2878 1125 2971 Quod
1145 2899 1225 2942 vcro
1241 2880 1443 2944 Antonianos
1459 2881 1515 2946 bic
1528 2880 1585 2946 loo
1599 2884 1779 2970 pugionem

1027 2980 1114 3064 pede
1140 2979 1285 3063 stringit,
1317 2994 1353 3044 ut
1377 2981 1448 3066 ejus
1473 2996 1570 3049 causa
1593 2986 1630 3049 iu
1651 2988 1779 3053 incerto

1029 3096 1097 3161 est,
1132 3082 1178 3145 sic
1204 3082 1322 3145 mirum
1348 3105 1444 3163 sane,
1476 3088 1618 3152 eandem
1645 3110 1780 3175 prorsus

1027 3185 1202 3268 imaginem
1224 3184 1326 3249 fuisso
1346 3187 1381 3248 in
1399 3189 1521 3253 annulo
1543 3190 1702 3277 Pompeji
1717 3192 1779 3271 Π..

1027 3308 1102 3350 nam
1129 3300 1214 3351 teste
1238 3287 1416 3355 Plutarcho
1445 3291 1477 3356 ei
1501 3292 1688 3380 insculptus
1706 3308 1781 3360 -srst

1029 3394 1104 3452 λεωι
1120 3389 1262 3473 gignens,
1284 3392 1336 3454 leo
1353 3414 1462 3458 ensem
1479 3406 1597 3461 tenens
1614 3394 1656 3481 s)-

1207 3630 1399 3713 'CC-71⁶.
1419 3634 1529 3699 AsXs
1546 3636 1601 3703 38·

1028 3730 1175 3797 tumn
1199 3734 1238 3813 n.
1260 3736 1297 3798 r.
1321 3735 1356 3800 o.
1384 3737 1480 3803 cos.
1505 3738 1611 3829 nna
1632 3740 1683 3803 ιι.
1709 3738 1777 3805 nr.

1273 3836 1343 3937 ιιι.
1360 3838 1462 3903 nur.
1478 3830 1526 3939 rt.

1091 4002 1158 4065 Per
1184 4004 1220 4066 C.
1243 4003 1374 4068 Sosium
1400 3986 1546 4089 legatum
1574 4008 1776 4095 Antigonum

1020 4101 1165 4168 iudaeae
1189 4116 1306 4193 regent
1332 4114 1545 4192 supersistit
1571 4110 1679 4196 rirgis
1703 4130 1778 4177 oso·

1026 4226 1097 4268 sum
1115 4206 1384 4291 securi'pcrcutit
1396 4202 1535 4275 Herode
1550 4214 1597 4273 Μ.
1613 4212 1650 4275 in
1671 4233 1775 4298 regno

222 4306 333 4368 'Pallio
358 4305 405 4368 sic
429 4302 470 4366 sd
492 4303 635 4367 Atticum
661 4306 825 4371 scribente
852 4309 897 4389 ι);
930 4322 968 4370 tu
1025 4306 1228 4374 confirmato.
1250 4310 1423 4379 Ventidius
1441 4312 1537 4376 victis
1559 4314 1683 4378 iterum
1700 4314 1777 4380 Par·

223 4409 371 4471 Antonii
388 4410 502 4470 leones
518 4409 732 4491 pertimescas
751 4430 838 4473 cave.
861 4410 968 4472 Perti·
1024 4409 1105 4489 this,
1127 4425 1162 4474 et
1178 4413 1306 4476 Pacoro
1322 4410 1444 4477 Orodis
1457 4402 1637 4502 regisiilio
1653 4416 1687 4481 in
1703 4416 1772 4482 acie

258 4649 288 4719 a)
305 4646 337 4702 L.
352 4644 386 4700 X.
401 4664 448 4720 cp.
463 4657 503 4710 13.
595 4645 631 4719 b)
650 4646 968 4722 iuAuton.p.917.C.
1061 4650 1093 4722 c)
1111 4646 1144 4706 B.
1160 4620 1306 4711 e.1..111.
1324 4651 1404 4713 cto.
1496 4650 1767 4727 d)1..V111.l.2s.

223 4738 253 4808 c)
275 4735 305 4789 in
319 4735 425 4790 Anton.
516 4737 543 4807 s)
563 4739 592 4792 iu
610 4738 715 4814 Pomp.
729 4737 795 4794 sub.
813 4735 862 4797 fin.
