3998 5340
823 420 1153 495 virusmrs.
1690 454 1765 523 m

219 620 387 671 censuram
408 615 595 662 memorans
615 594 645 676 ¹)
668 590 715 655 sic
736 581 863 654 scribite
889 609 964 671 geu·
1022 589 1162 653 Othonis
1192 606 1299 657 morte
1327 593 1367 657 ad
1388 596 1559 664 Vitellium
1583 602 1619 664 iu
1639 601 1762 669 Gallias

217 712 261 772 sit
287 719 321 768 et
345 719 517 766 censuram
537 699 555 744 ·'
570 727 584 745 ·
605 723 620 743 ·
643 695 702 755 sed
725 694 813 753 lunc
838 709 963 769 quoque
1021 691 1204 757 adcurrisse
1226 715 1362 758 uxorem
1384 718 1458 761 cum
1479 699 1584 766 filiolo
1606 723 1761 781 asenna,

217 805 458 884 inaequaliter,
501 800 659 873 varioque
693 805 727 855 et
761 796 894 865 animo,
918 801 970 850 et·
1022 813 1118 877 quem
1138 814 1199 877 pro
1216 797 1373 861 concione
1394 800 1628 865 Germanicum
1649 817 1683 866 et
1704 807 1765 867 tes·

218 921 347 975 euentu.
394 900 566 964 lactantius
601 895 703 977 igitur
736 892 824 955 lilius
860 889 963 952 Aulus
1017 907 1222 976 perorarem,
1241 893 1458 978 deterescere,
1477 903 1663 985 appellavit,
1685 906 1766 968 Per.

220 1012 302 1074 hane
330 1003 430 1089 putris
457 1002 496 1062 L.
512 996 641 1065 Vitellii
666 1014 853 1080 censuram,
882 1009 968 1074 quau
1022 1014 1135 1075 peram
1156 996 1261 1059 aritini
1282 999 1373 1062 hunc
1385 1001 1531 1067 zonarae
1557 1005 1664 1068 locum
1689 1009 1766 1070 soli·

219 1112 328 1192 reipsa
349 1126 411 1167 unu
432 1100 510 1176 fuit,
536 1097 776 1181 duplicaverit,
798 1112 862 1180 quo
882 1091 967 1178 putri
1024 1096 1137 1173 citant,
1161 1110 1308 1182 tunquam
1327 1100 1534 1165 scribendum
1556 1106 1671 1169 luisset
1687 1107 1766 1169 Kae-

220 1215 293 1295 plus
310 1203 446 1270 honoris
465 1200 662 1284 impertiret.
789 1234 792 1239 -
1024 1213 1126 1275 caen,
1161 1220 1229 1260 uos
1262 1199 1473 1281 ἇυτοκςατοςα.
1522 1205 1693 1282 Ridicula,
1729 1221 1767 1271 ut

365 1312 411 1370 Vt
427 1307 484 1372 lit·
495 1305 538 1367 D·
1021 1312 1120 1380 9⁰1⁰,
1151 1299 1292 1362 res·illis
1314 1301 1399 1377 visa,
1428 1323 1513 1385 puer
1533 1308 1685 1370 sexennis
1706 1309 1766 1371 im·

215 1409 378 1481 LIBERI.
400 1406 488 1468 lstt’.
507 1402 704 1465 dunstan.
736 1398 860 1478 Cupito
878 1395 966 1456 nuda
1023 1412 1166 1482 perator.
1205 1402 1331 1467 Verum
1358 1425 1399 1466 au
1425 1426 1492 1467 uon
1517 1426 1621 1490 aequa
1647 1407 1769 1472 ridicu-

221 1515 360 1576 duorum
384 1508 431 1569 A.
452 1505 585 1568 Vitellii
607 1504 787 1565 liberorum
810 1520 844 1560 se
867 1499 969 1576 respi·
1023 1501 1108 1577 lum,
1131 1520 1268 1584 puerum
1287 1522 1463 1567 sexennem
1484 1507 1616 1588 operire
1635 1509 1767 1591 paluda-

223 1615 360 1686 cremia,
378 1613 413 1669 in
433 1605 604 1668 nonnullis
618 1600 815 1665 intermedie
829 1616 967 1678 superne
1024 1614 1153 1677 mento,
1192 1614 1227 1664 ut
1263 1620 1339 1663 mox
1375 1623 1419 1665 ex
1454 1607 1568 1669 Tacito
1603 1609 1767 1674 vidimus?

223 1727 324 1776 nstro.
348 1711 421 1776 AV.
439 1709 509 1770 AR.
532 1705 632 1786 (llus.
651 1702 759 1786 Caes.)
1024 1701 1102 1786 quin
1120 1722 1193 1765 cum
1208 1704 1339 1766 Tacitus
1356 1701 1478 1768 diserte
1493 1705 1579 1780 istud
1595 1723 1767 1788 memorat,

367 1814 412 1873 Vt
431 1807 527 1873 trel.
752 1793 758 1813 '
1024 1802 1155 1867 ridetur
1180 1802 1251 1888 ipse
1279 1804 1449 1877 innueret
1469 1828 1487 1869 a
1507 1806 1649 1874 Vitellio
1664 1809 1769 1875 filium

222 1901 762 1976 LIBER1.l-IIP.GERII.AVG.
796 1904 905 1986 Typus
925 1907 969 1967 si-
1024 1904 1121 1966 militi
1159 1917 1329 1988 tanquam·
1346 1904 1579 1988 inperatorem
1621 1912 1769 1998 proposi·

223 2016 325 2078 nn'lis.
349 2013 420 2077 AV.
441 2012 540 2091 (Mus.
558 2009 668 2086 Caes.)
938 2035 939 2038 ¹
1025 2019 1114 2083 tum3
1144 2026 1218 2066 nam
1247 2006 1509 2089 paludamentum
1537 2013 1670 2094 proprie
1699 2034 1767 2078 uon

284 2115 446 2177 Pietatem
464 2111 638 2192 inpetrem
654 2105 802 2190 sequitur
819 2105 967 2189 proxime
1024 2104 1087 2168 isit
1117 2104 1243 2170 habitus
1274 2107 1471 2188 Caesarum,
1506 2109 1565 2174 aed
1595 2114 1769 2199 imperato·
1838 2099 1842 2108 ⁵

223 2215 369 2282 adlectus
398 2213 437 2274 iu.
463 2211 604 2286 liberos,
634 2229 749 2273 verum
772 2207 828 2291 qui
849 2208 913 2270 aiut
934 2205 970 2268 lsi
1025 2226 1110 2271 rum.
1153 2207 1206 2268 Ad
1240 2207 1321 2274 haec
1349 2233 1394 2274 aa
1430 2211 1627 2292 verisimile,
1665 2215 1770 2279 filium

223 2319 338 2392 liberi,
364 2335 502 2400 quorum
522 2312 629 2376 vultus
647 2312 681 2373 in
700 2311 751 2372 liis
769 2309 873 2371 numia
896 2321 970 2370 suut
1027 2307 1149 2372 dictum
1177 2309 1351 2374 Caesarem
1378 2335 1396 2376 a
1422 2326 1547 2395 putre,¹
1572 2315 1627 2398 qui
1656 2317 1771 2381 Caesa·

224 2417 397 2503 expressi,
421 2413 685 2478 controvertitur.
730 2413 783 2472 Ex
811 2430 915 2473 uxore
944 2412 969 2471 l.
1026 2409 1072 2471 ris
1091 2430 1210 2474 nomeu
1230 2410 1300 2495 ipse
1320 2427 1507 2477 constanter
1525 2428 1691 2479 aversatus
1709 2432 1771 2494 est,

224 2519 381 2584 Petronia
402 2516 509 2577 lilium
527 2514 638 2577 habuit
658 2512 892 2574 Petronianum
920 2529 970 2572 ca·
1028 2524 1080 2586 et,
1105 2525 1141 2572 ut
1162 2512 1351 2589 docuimus,
1376 2514 1505 2577 nonnisi
1526 2517 1682 2580 extremis
1704 2516 1775 2581 die·
1897 2535 1899 2542 ·

224 2635 317 2705 ptum
341 2618 446 2680 altero
469 2614 564 2678 oculo
586 2613 630 2695 b).
659 2613 746 2676 Huic
766 2613 799 2672 iu
820 2630 974 2695 praeseu-
1030 2609 1108 2687 bus,
1142 2611 1240 2696 idque
1270 2627 1403 2676 coactus
1427 2615 1629 2699 adsumpsit?
1666 2618 1771 2684 Vnius

225 2735 276 2784 tes
305 2737 421 2780 numos
448 2717 498 2796 jus
526 2735 592 2776 uon
619 2725 686 2789 est,
716 2733 789 2775 uum
811 2710 975 2774 insimula-
1031 2709 1126 2790 liujus
1163 2710 1268 2773 adhuc
1304 2711 1365 2773 filii
1401 2713 1589 2776 Germanici
1625 2718 1774 2781 meminit

227 2835 295 2884 tum
317 2816 504 2903 parricidii,
535 2827 571 2875 ut
593 2811 754 2877 creditum
776 2824 844 2887 est,
873 2812 975 2872 intem
1032 2809 1162 2872 Tacitus
1184 2809 1332 2892 pluribus
1354 2813 1436 2876 locis
1458 2811 1497 2894 ¹).
1524 2815 1621 2877 Auno
1641 2816 1773 2880 demum

229 2923 308 2988 omit
328 2932 439 3004 pater,
462 2914 631 2977 referente
652 2912 739 2976 istud
760 2911 878 2975 eodem
896 2909 973 2972 loco
1032 2922 1190 2994 aequente
1207 2911 1249 2977 V.
1265 2911 1301 2974 C.
1319 2912 1381 2977 823
1401 2913 1617 2999 iuteremptus
1635 2931 1686 2981 ast
1700 2922 1772 2982 Mu»

230 3020 397 3085 Suetonio.
453 3019 546 3086 onr
575 3017 614 3080 11.
651 3014 782 3079 Galeria
816 3011 972 3075 Fundana
1029 3010 1114 3075 ciani
1129 3010 1434 3096 juasmmcnsrernm
1448 3018 1648 3080 discordium
1664 3020 1774 3083 obten-

229 3120 394 3207 praetorio
418 3131 526 3202 patre.
552 3119 605 3179 De
625 3118 688 3178 lac
710 3135 836 3196 quoque
853 3115 974 3176 liberos
1028 3115 1153 3189 dereris,
1181 3117 1218 3175 ni
1244 3119 1372 3177 semine
1394 3116 1476 3180 delli
1495 3120 1708 3182 restinxisset
1729 3121 1772 3202 t).

221 3227 399 3298 ‘utriusque
420 3240 522 3282 sexus
543 3218 647 3294 tutte,
666 3220 724 3279 sed
744 3237 866 3277 murem
892 3219 972 3278 titu-
1028 3214 1175 3277 Felicior
1190 3213 1271 3293 lilia,
1291 3237 1388 3300 quam·
1400 3232 1494 3302 pater
1508 3217 1682 3303 imperium
1697 3220 1773 3285 ade·

228 3326 346 3411 bauria
363 3324 433 3384 oris
442 3339 542 3403 prope
559 3331 687 3380 matam
702 3331 736 3378 et
748 3317 914 3398 elinguem
928 3317 969 3398 ⁰).
1028 3329 1102 3399 ptus
1123 3316 1330 3400 desponsavit
1349 3319 1484 3385 ValerIo
1502 3320 1646 3386 Asiatico
1663 3323 1776 3407 Belgi.

228 3426 425 3488 Liberorum
443 3418 572 3490 Vitellii
593 3437 690 3501 saepe
715 3416 897 3480 meminere
920 3439 975 3480 au·
1030 3437 1089 3480 cae
1108 3419 1217 3500 legato
1232 3414 1277 3498 ΙΙ).
1301 3419 1414 3481 Serius
1430 3421 1646 3503 Vespasianus
1664 3424 1773 3507 splen·

230 3539 354 3603 utores,
383 3538 415 3587 at
436 3541 601 3605 nunquam
628 3519 668 3582 sb
694 3519 736 3582 iis
760 3516 823 3580 uisi
850 3537 974 3581 marem
1032 3517 1197 3582 didiscime
1219 3517 1413 3596 maritatam,
1437 3519 1597 3584 incertum
1621 3522 1690 3600 cui,
1717 3523 1775 3587 do·

230 3646 331 3689 uuum
353 3638 387 3687 et
407 3623 572 3687 femellam
595 3620 776 3684 memorari·
792 3616 910 3694 rideo,
936 3640 974 3683 ac
1031 3620 1128 3696 tavit,
1153 3635 1188 3708 et
1212 3620 1420 3702 iustruxit&
1458 3622 1541 3685 Cum
1567 3643 1650 3710 ergo
1674 3622 1776 3687 histo·
1876 3653 1879 3661 ¹

233 3726 364 3790 Tacitus
394 3725 525 3809 quidem
554 3722 678 3799 refert,
712 3721 844 3804 jussisse
872 3719 975 3786 Vitel·
1032 3721 1097 3783 rici
1120 3742 1187 3783 uon
1213 3719 1346 3804 plures,
1380 3721 1443 3784 uisi
1472 3723 1554 3787 daos
1580 3726 1773 3808 superstites

231 3830 312 3892 lium
338 3827 407 3888 lilio
431 3825 544 3889 infanti
573 3827 762 3890 universum
792 3821 973 3884 exercitum
1013 3821 1159 3887 ¹Vitellii
1184 3821 1310 3887 liberos
1337 3821 1492 3908 prodant,
1524 3838 1560 3888 et
1589 3826 1679 3888 numi
1710 3826 1783 3910 ipsit

230 3932 264 3993 in
282 3926 396 3991 Galliis
411 3946 604 4004 occurrerat
624 3940 657 3990 ut
673 3938 823 4009 opertum
843 3921 973 4005 paluda-
1030 3922 1124 3986 hines
1147 3935 1269 3986 tantam
1294 3922 1423 4008 sistant,
1453 3939 1579 3990 certum
1603 3941 1671 4004 est,
1705 3948 1774 3989 non

230 4043 343 4094 mento
368 4029 553 4111 appellasse
572 4027 805 4090 Germanicum
827 4021 870 4103 (1).
907 4026 974 4084 Ma·
1032 4024 1112 4088 alios
1128 4023 1160 4084 iu
1178 4023 1229 4086 his
1246 4025 1353 4090 numia
1368 4031 1524 4112 proponi,
1540 4048 1635 4113 quam
1652 4026 1774 4090 deacri-
1839 4098 1847 4110 .

232 4136 281 4219 pla
304 4130 438 4196 delinito
459 4130 607 4192 Zonaras
618 4117 668 4210 ⁶),
694 4124 846 4187 nimirum
868 4126 975 4189 audita
1031 4141 1105 4211 ptos
1126 4126 1182 4190 uie
1203 4124 1307 4191 filium
1332 4141 1367 4194 et
1386 4128 1503 4194 filiam.
1518 4127 1773 4213 ‘Adatipulantur

297 4369 313 4403 Χ

265 4469 297 4536 a)
315 4463 349 4522 Iu
366 4461 469 4520 Claud.
488 4464 565 4523 c.16.
663 4458 699 4530 la)
721 4457 802 4512 Suet.
820 4475 845 4513 c.
855 4459 886 4520 6
981 4460 1012 4525 u)
1031 4456 1112 4515 Suet.
1130 4457 1148 4517 1.
1160 4476 1185 4514 c.
1286 4457 1321 4527 d)
1340 4458 1461 4517 tinnit.
1477 4473 1520 4533 59.
1619 4463 1649 4530 e)
1668 4458 1777 4516 Annal-

231 4552 360 4612 Tom.lI.
452 4551 478 4618 s)
498 4547 632 4606 llis-ulli.
646 4551 690 4613 66.
704 4551 750 4609 67.
764 4549 812 4608 όῦι
904 4548 935 4622 g)
954 4545 1045 4601 Tacit.
1064 4545 1199 4604 Biselli.
1214 4554 1259 4608 80.
1279 4548 1335 4603 Dio
1350 4548 1382 4606 L.
1393 4547 1480 4607 LXV.
1493 4562 1536 4612 22.
1627 4550 1663 4622 h)
1681 4550 1775 4607 Tacit.

231 4643 268 4700 fl.
277 4642 299 4702 1.
315 4654 357 4716 59.
450 4639 474 4711 i)
494 4638 573 4695 Suet.
590 4637 619 4692 iu
633 4637 725 4712 Vesp.
742 4653 767 4690 c.
780 4644 820 4694 ll.
1434 4709 1436 4715 Α
1572 4646 1574 4650 “
1641 4709 1663 4714 .,

584 4757 591 4766 ·
1426 4727 1455 4789 R
1479 4750 1498 4788 r
1517 4743 1536 4788 a
