3998 5340
418 404 486 476 lffl
944 416 1431 491 PRAEFATIQ

420 595 572 678 mereri
597 596 743 701 iidem,
783 589 978 678 continuo
1006 595 1172 708 subjicit
1200 588 1254 697 'iz
1281 661 1305 702 „
1315 595 1484 707 Scripsit
1513 622 1650 687 comcs
1673 595 1966 678 Mediobarbus

420 733 523 839 „illa
542 746 696 839 aetate,
728 760 810 844 qua
828 727 1079 844 antiquitatis
1101 731 1236 815 studia
1256 761 1425 844 magnos
1451 733 1536 846 jam
1553 734 1689 815 fecere
1716 761 1968 844 progressus,

421 883 497 976 „et
516 897 739 952 ntunortun
767 867 937 951 scientia
964 870 1167 981 voluptati
1183 870 1305 980 vulgo
1334 870 1425 952 snit.
1453 869 1617 951 Tamen
1646 872 1732 984 ejus
1755 873 1965 979 catalogus

361 1091 364 1095 ,
420 1036 537 1111 „non
554 1008 735 1090 multum
752 1010 932 1116 praestat
949 1006 1197 1110 Oeconiano,
1227 1030 1351 1115 quem
1370 1004 1405 1085 is
1429 1016 1592 1087 tanttun
1613 1032 1763 1117 angere
1780 1006 1966 1090 instituit

420 1144 565 1256 „Ergo
583 1143 713 1255 magis
731 1140 935 1245 solicituS,
967 1152 1014 1222 ut
1034 1167 1137 1249 opus
1157 1168 1285 1249 suum
1313 1138 1562 1222 distenderet
1581 1141 1798 1226 inserendo
1817 1175 1966 1227 numos

334 1347 347 1366 .
420 1272 620 1386 gomnm,
649 1304 826 1389 quorum
848 1276 982 1388 potuit
1001 1274 1187 1357 obtinere
1206 1274 1542 1385 descriptionem,
1571 1303 1697 1387 quam
1724 1292 1773 1361 ut
1793 1310 1862 1362 eos
1880 1296 1970 1364 tan-

422 1429 548 1523 „tum
571 1415 782 1525 vulgaret,
812 1411 884 1523 qui
901 1425 1039 1494 certae
1055 1424 1193 1494 essent
1210 1411 1328 1513 fidei,
1358 1409 1496 1492 omnia
1524 1410 1636 1492 nullo
1659 1409 1810 1496 dilectu
1831 1416 1970 1500 intulit

423 1578 680 1658 „nnmornm
709 1548 882 1654 indicia,
910 1576 1016 1659 quae
1046 1576 1190 1631 secum
1217 1546 1521 1631 communicata
1540 1549 1676 1652 suere,
1715 1562 1758 1632 et
1782 1580 1889 1660 quae
1916 1581 1971 1636 ex

303 1715 314 1729 ⁴
422 1687 590 1794 „missis
612 1688 690 1769 sibi
711 1683 905 1797 catalogis
923 1684 1060 1796 potuit
1079 1711 1313 1795 excerpere,
1338 1696 1567 1789 contentus,
1594 1683 1663 1766 illa
1685 1684 1834 1768 omisso
1856 1689 1971 1769 omni

422 1823 648 1933 „examine
667 1824 884 1935 disponere
903 1820 1134 1905 secundum
1152 1820 1308 1933 legem,
1339 1848 1464 1931 quam
1483 1819 1562 1904 sibi
1581 1823 1834 1934 sequendam
1853 1851 1980 1935 prae.

420 1953 620 2070 „fixerat
642 1957 710 2041 Ex
730 1986 812 2069 quo
840 1959 1018 2066 facum,
1047 1971 1096 2042 ut
1115 1983 1237 2068 saepe
1254 1956 1490 2069 propinaret
1508 1985 1656 2043 numos
1679 1960 1819 2065 salsos,
1847 1973 1968 2072 typos

420 2098 662 2205 „informes
693 2107 736 2178 et
754 2093 1037 2207 inscriptiones
1056 2095 1239 2201 luxataS,
1259 2095 1317 2176 sic
1335 2107 1383 2178 nt
1403 2095 1491 2208 ejus
1509 2093 1643 2208 operis
1662 2097 1820 2180 nullam
1838 2097 1968 2208 possis

422 2248 664 2342 „ostentare
691 2232 904 2345 paginam,
934 2260 1041 2344 quae
1068 2262 1151 2315 non
1178 2231 1339 2314 mendis
1367 2233 1517 2317 referta
1543 2234 1604 2316 sit
1633 2232 1893 2347 Quapropter
1916 2263 1969 2317 ex

423 2373 548 2487 „ejus
587 2371 709 2454 unius
743 2367 962 2480 praeconio
994 2369 1154 2451 mdlum
1187 2368 1383 2452 existima.
1403 2398 1580 2452 numum
1614 2398 1712 2454 vere
1740 2373 1970 2483 antiquum,

421 2537 554 2616 „cum
578 2506 646 2589 lric
670 2506 910 2590 insolentius
930 2506 1030 2617 quid
1050 2508 1188 2612 oiiert,
1214 2520 1256 2589 et
1274 2519 1495 2618 antequam
1519 2507 1553 2590 is
1573 2506 1625 2589 ad
1645 2511 1967 2592 confirmandam

338 2664 342 2670 ’
420 2644 668 2753 „historiam
686 2643 932 2748 advocetur,
962 2656 1121 2726 certum
1142 2656 1185 2727 te
1205 2642 1320 2725 reddi
1340 2656 1514 2754 oportet,
1544 2644 1679 2748 talem,
1709 2647 1872 2755 qualem
1899 2647 1970 2730 de·

424 2781 607 2896 scripsit,
637 2782 680 2864 in
698 2808 844 2864 museo
871 2779 1068 2892 quopiam
1086 2770 1306 2863 existere.“
1355 2781 1578 2893 Hucusque
1598 2781 1833 2888 Bimardus,
1871 2812 1969 2866 cum

424 2921 542 3032 cuins
570 2918 723 3034 judicio
754 2915 959 3001 consentit
991 2917 1103 3000 aliud
1132 2919 1261 3001 multo
1289 2918 1491 3002 vetustius
1521 2917 1721 3031 praeclari
1742 2919 1892 3003 loherti
1919 2913 1968 3021 Ι’).

424 3055 506 3139 Sed
534 3067 577 3136 et
606 3056 765 3165 pridem
795 3055 843 3135 cl.
866 3054 918 3135 de
939 3054 1073 3137 Valois
1095 3053 1300 3138 eruditam
1327 3055 1461 3167 coepit
1489 3056 1577 3169 ejus
1605 3056 1739 3168 operis
1768 3055 1970 3142 adornare

426 3216 663 3295 censuram,
705 3216 785 3299 qua
812 3187 909 3270 inde
936 3190 989 3269 ab
1010 3192 1196 3302 Angusto
1224 3219 1356 3303 usque
1388 3192 1441 3273 ad
1461 3192 1713 3278 Hadrianum
1744 3196 1971 3282 multonrm

427 3352 651 3410 nnmornm
680 3354 730 3408 eo
757 3337 1045 3409 contentorum
1070 3341 1143 3410 aut
1169 3327 1330 3439 spurios
1362 3330 1536 3437 natales,
1571 3345 1643 3415 aut
1666 3331 1810 3416 salsam
1831 3334 1972 3420 lectio·

426 3494 544 3571 nem,
572 3476 646 3547 aut
669 3461 748 3545 alia
770 3462 871 3547 vitia
890 3464 1048 3547 idoneis
1071 3465 1325 3578 argumentis
1346 3465 1598 3553 demonstrat
1627 3468 1672 3572 cl.

515 3603 625 3683 llaec
652 3600 816 3712 quiquis
843 3600 1011 3713 legerit,
1039 3602 1160 3685 facile
1188 3603 1275 3715 ipse
1295 3603 1518 3715 intelliget,
1548 3633 1645 3688 cnm
1671 3608 1861 3713 editero,
1888 3639 1971 3694 non

428 3738 550 3824 modo
568 3765 717 3851 parum
743 3734 821 3820 isto
847 3734 1107 3821 Mediobarbi
1129 3741 1315 3853 catalogo
1344 3742 1578 3824 consultum
1604 3743 1867 3856 philologiae,
1898 3748 1971 3830 sed

428 3878 565 3984 otiam,
594 3875 630 3957 si
647 3900 831 3985 sequare,
861 3875 1108 3987 gravissimis
1129 3892 1172 3962 te
1195 3904 1527 3993 quaquaversum
1548 3882 1783 3966 offensionis
1809 3888 1975 3997 pericu·

430 4016 478 4097 lis
497 4038 790 4118 occursurum,
814 4010 915 4094 nihil
936 4043 1004 4095 me
1022 4015 1197 4125 amplius
1220 4016 1431 4123 adserere,
1458 4017 1536 4100 nisi
1555 4019 1666 4131 quod
1689 4050 1711 4103 a
1733 4027 1979 4134 praestanti·

427 4154 505 4235 bns
534 4150 582 4234 iis
606 4147 703 4233 viris
723 4147 883 4259 pridem
912 4151 990 4233 snit
1019 4151 1300 4236 constitutum.
1327 4152 1550 4237 Enimvero
1573 4170 1796 4270 antequam
1818 4162 1980 4250 llledio-

429 4290 583 4371 barbus
612 4286 664 4369 ad
693 4286 1010 4370 conscribendos
1035 4288 1330 4400 imperatorum
1358 4318 1507 4374 numos
1535 4295 1759 4406 appelleret
1778 4299 1979 4407 animum,

463 4504 495 4571 ι)
514 4483 546 4557 o'.
562 4499 592 4555 ι.
612 4497 993 4575 connuncupari.
1094 4502 1129 4571 o)
1149 4501 1273 4558 senne
1290 4505 1342 4559 a„
1356 4501 1432 4560 nra.
1451 4503 1485 4559 τ.
1496 4502 1516 4559 1.
1537 4522 1565 4579 p.
1579 4519 1637 4578 too.
1740 4515 1770 4580 c)
1792 4511 1822 4568 n.
1840 4514 1871 4569 ι,
1893 4515 1978 4573 τω..

517 4588 582 4646 ΧΠ,
600 4585 674 4644 illst.
688 4600 788 4665 pseu.
808 4588 892 4647 Tam.
903 4588 979 4647 XIV.
1002 4586 1077 4646 ltin.
1093 4609 1123 4666 p.
1134 4594 1193 4653 uo.
1210 4591 1292 4649 Tom.
1303 4590 1381 4650 Xl'l.
1402 4590 1476 4650 ltisu
1492 4610 1522 4669 p·
1535 4604 1594 4658 145.
