4012 5370
807 500 857 570 tt.
891 493 1212 573 ANTONIVS.

410 680 453 739 V.
472 675 507 739 C.
523 670 598 755 713·
621 671 666 733 A.
684 669 728 734 X.
747 678 799 747 4¹·

236 795 239 799 ’
335 791 485 857 IIIVIR.
503 793 542 854 R.
562 794 600 854 P.
618 792 652 854 C.
673 789 767 854 COS.
784 790 885 855 IMP.

1005 683 1010 689 ·
1099 638 1237 731 Denarii
1257 662 1385 748 primo,
1405 676 1441 727 et
1461 665 1608 731 secanio
1629 668 1709 734 loco
1730 669 1786 760 ‘¹⁶5

1037 768 1151 852 scripti
1176 780 1309 851 praeter
1344 779 1441 848 caput
1460 770 1508 833 M.
1529 768 1668 835 Antonii
1690 772 1795 837 etiam

954 888 957 893 ·
1037 883 1135 953 caput
1154 870 1209 932 vel
1232 866 1432 953 epigraphen
1455 867 1566 934 fratris
1588 875 1629 940 L.
1647 873 1785 937 Antonii

292 959 452 1024 Antonius
474 955 515 1020 ad
534 955 704 1041 cogendas
725 956 901 1041 promissas
921 956 977 1017 mi·

225 1065 338 1130 litibus
366 1058 521 1147 pecunias
552 1060 587 1122 in
605 1059 717 1122 Asiam
741 1057 978 1142 proficiscitur,

228 1182 264 1232 et
292 1167 500 1247 Cleopatram
530 1160 570 1224 ad
599 1181 635 1225 se
668 1161 702 1222 in
733 1161 878 1223 Ciliciam
901 1181 979 1223 ero·

226 1283 329 1336 cetam
352 1285 463 1341 amare
486 1263 616 1344 occipit.
667 1263 719 1325 Eo
751 1262 885 1324 absente
913 1261 979 1322 sra-

225 1385 279 1435 ter
306 1367 428 1430 Lucius
450 1358 537 1440 coa,
573 1377 608 1426 et
630 1384 714 1426 uxor
734 1363 838 1426 Marci
861 1363 978 1426 Fulvia

224 1473 372 1545 bellum,
410 1465 533 1529 dictum
558 1465 776 1540 Perusinum,
819 1461 976 1540 conflant,

228 1567 425 1636 concitando
456 1566 491 1628 in
515 1568 688 1630 Caesarem
715 1564 873 1650 populos,
899 1586 978 1649 quo-

225 1695 299 1738 rum
319 1674 347 1735 is
375 1670 544 1752 ademptos
561 1690 658 1753 agros
672 1667 835 1734 veteranis
852 1666 972 1731 divisit.

226 1776 391 1847 Obsesso,
424 1784 585 1856 captoque
606 1770 762 1836 Perusiae
776 1768 881 1832 Lucio
904 1767 974 1833 bel·

223 1879 291 1941 lum
307 1873 447 1938 finitum.
515 1930 518 1935 .

526 2053 665 2120 Numi:

384 2198 431 2258 M.
459 2182 560 2254 ANT.
592 2194 682 2257 IMP.
717 2193 818 2260 AVG.
841 2194 972 2262 IllVIR.

317 2360 319 2365 .
380 2296 476 2381 tte.
487 2295 524 2358 C.
534 2295 579 2356 M.
600 2295 763 2361 NERVA.
783 2294 918 2389 PROQ.
936 2299 972 2356 P.

386 2403 423 2461 in
450 2398 553 2459 alit's:
580 2399 625 2458 M.
651 2396 840 2456 BARBAT.
867 2397 908 2490 Q.
934 2399 971 2456 P.

391 2500 500 2580 Caput
518 2500 642 2560 nudum
666 2499 808 2559 imberbes
832 2500 882 2561 M.
899 2499 974 2561 An·

388 2602 484 2661 lanii.

222 2707 260 2765 L.
286 2700 524 2767 ANTONIVS.
543 2698 640 2764 COS.
671 2697 778 2778 Caput
793 2698 833 2760 L.
861 2699 973 2760 Anto·

222 2809 274 2870 nis·
295 2806 428 2868 nudum.
451 2801 711 2882 AR.(Morelli.)

381 2905 485 2970 ANT.
505 2902 608 2969 AVG.
623 2904 713 2964 IMP.
733 2901 864 2970 tttvlls.
878 2901 918 2964 R.
932 2901 969 2959 P.

382 3008 422 3071 C.
437 3018 497 3069 aut
515 3006 683 3069 similiter.
705 3005 814 3087 Caput
827 3004 969 3082 ejusaem

386 3110 510 3168 nudum
527 3108 679 3170 imberba.

1038 971 1164 1035 sistunt.
1207 971 1272 1032 Hie
1299 971 1341 1038 V.
1364 969 1402 1036 C.
1424 991 1489 1053 pso
1515 970 1619 1039 fratre
1647 976 1787 1040 consule

1036 1072 1100 1136 luit
1120 1071 1270 1135 tribunus
1283 1071 1337 1153 pl.
1361 1073 1402 1156 ¹).
1439 1072 1563 1137 Consul
1583 1095 1670 1141 anno
1690 1096 1787 1161 pras·

1037 1187 1131 1237 sente
1156 1173 1219 1254 7¹3
1250 1170 1360 1234 fratris
1389 1172 1424 1234 in
1445 1174 1523 1237 Asia
1553 1175 1697 1242 absentis
1731 1200 1786 1243 res

1036 1273 1234 1360 procuravit.
1278 1271 1428 1336 Conssato
1455 1274 1612 1342 adversus
1635 1277 1785 1344 Octavia·

1036 1399 1115 1439 num
1136 1374 1245 1452 bello,
1274 1389 1311 1437 ut
1332 1394 1409 1436 mor
1431 1375 1590 1457 diximus,
1623 1380 1784 1447 Perusiae

1036 1490 1169 1561 captus,
1208 1474 1295 1550 liber
1325 1490 1433 1540 tamen
1470 1477 1643 1557 dimissus,
1683 1496 1720 1545 et
1746 1482 1812 1546 ab⁴

1037 1578 1217 1642 Octaviano
1259 1577 1401 1642 honoris
1447 1580 1560 1665 specie
1606 1582 1786 1668 Hispaniae

1032 1679 1218 1763 praefectus
1240 1692 1292 1741 est
1312 1676 1358 1762 ¹⁸).
1389 1681 1498 1776 Quem
1519 1682 1640 1749 deinde
1662 1685 1785 1751 hebue-

1032 1781 1077 1842 rit
1100 1781 1182 1845 vitae
1205 1780 1344 1858 exitum,
1367 1803 1434 1844 non
1455 1797 1593 1849 constat.
1622 1787 1712 1850 Eum
1735 1788 1786 1852 Ci-

1033 1903 1112 1948 cero
1131 1883 1383 1961 mirmillonom,
1402 1884 1642 1968 gladiatorem,
1666 1888 1786 1954 crusia-

1032 1984 1117 2059 lem,
1135 1984 1301 2061 vinosum,
1316 1986 1439 2050 varios
1467 1986 1561 2051 sasai
1578 1990 1786 2055 simillimam

1030 2085 1174 2169 appellat
1191 2088 1236 2167 c),
1254 2101 1530 2171 mrratqne‚.aum
1542 2093 1693 2174 equestri
1706 2115 1785 2159 suae

1030 2201 1153 2251 statuae
1175 2188 1419 2251 inscribendum
1442 2211 1594 2255 curasse:
1637 2198 1785 2278 quinque

1030 2304 1063 2351 et
1079 2293 1223 2373 triginta
1239 2291 1347 2354 tribus
1357 2304 1502 2374 patrono
1518 2291 1575 2388 d).
1585 2295 1705 2359 Mitior
1718 2298 1786 2381 Ap·

1029 2389 1144 2475 pianas
1162 2390 1196 2450 in
1212 2410 1254 2453 eo
1270 2391 1410 2475 patriae,
1438 2406 1473 2457 et
1485 2391 1647 2458 libertatis
1666 2396 1783 2464 sdver-

1030 2513 1084 2555 sus
1118 2493 1226 2575 ipsum
1249 2492 1388 2557 fratrem
1416 2514 1565 2560 amorem
1595 2494 1780 2563 liberaliter

1030 2593 1194 2658 collaudat
1208 2597 1249 2677 e).

1091 2695 1390 2762 Animadvertenda
1406 2698 1440 2760 in
1457 2698 1563 2762 nantis
1578 2700 1717 2767 alterius
1731 2702 1779 2767 lo·

1030 2797 1060 2860 ci
1083 2797 1284 2881 epigraphe:
1316 2801 1484 2863 PlETAS.
1507 2800 1605 2874 COS.
1637 2803 1722 2868 Esse
1743 2805 1777 2866 in

1030 2897 1080 2960 hie
1104 2898 1300 2964 vocabalum
1322 2900 1481 2964 PIEI'AS
1503 2923 1623 2969 rerum
1656 2926 1777 2990 coguo-

1029 3021 1106 3063 men
1144 3024 1162 3063 a
1189 3002 1292 3065 Lucio
1331 3002 1506 3081 adscitum,
1542 3002 1678 3070 docebit
1712 3007 1780 3071 Dio

1029 3101 1137 3166 addita
1163 3124 1258 3167 causa
1285 3103 1328 3187 ὓς
1373 3099 1425 3166 baa
1454 3126 1519 3191 epae
1543 3129 1598 3182 την
1627 3128 1703 3188 προς
1726 3131 1778 3171 sos

221 3208 391 3272 PIETAS.
402 3206 495 3268 008.
515 3208 641 3268 Mulier
652 3219 747 3269 stans
761 3207 793 3269 d.
806 3205 976 3285 guberna-¹
1025 3200 1154 3283 ἅδελφον
1171 3202 1323 3280 ἕυσεβειαυ
1346 3230 1396 3267 aas
1414 3203 1580 3290 ἐπωνύμων
1598 3205 1777 3291 iaeapIII·

221 3314 345 3386 culum,
369 3331 397 3372 s.
413 3311 639 3389 cornucops'as.
657 3310 693 3367 In
712 3304 783 3368 aliis
799 3298 971 3384 practerea
1023 3304 1157 3368 ETAN
1179 3304 1321 3384 iasbsso,
1348 3320 1485 3391 propter
1511 3330 1608 3373 suam
1633 3317 1724 3376 caim
1739 3317 1776 3376 ia

218 3435 277 3497 pro
289 3412 429 3495 pedibas
442 3412 555 3471 adstat
571 3411 712 3472 ciconia.
733 3409 769 3468 ln
785 3404 873 3468 aliis:
892 3407 969 3468 Ma·
1013 3411 1162 3490 fratrem
1188 3412 1351 3491 pietatem
1376 3429 1558 3491 cognomen
1586 3414 1654 3476 sibi
1689 3416 1778 3478 PIE-

221 3517 285 3577 lior
300 3527 393 3576 stans
408 3514 440 3576 d.
457 3510 588 3572 arulam
609 3527 791 3584 accensam,
808 3530 835 3572 s.
850 3529 967 3569 corna·
1009 3509 1120 3572 -TAS
1141 3522 1339 3590 sumpserat.
1382 3510 1434 3572 Ab
1462 3511 1581 3575 eodem
1601 3514 1712 3578 Dione
1742 3516 1776 3578 in

220 3619 344 3698 copiae.
369 3615 443 3680 AV.
461 3615 531 3676 AB.
552 3610 715 3687 (Moselli‚
732 3610 818 3676 Mus.
832 3610 943 3689 Caes.)
1019 3609 1185 3674 breviario
1205 3612 1243 3672 L.
1256 3611 1403 3677 XLVIII.
1417 3613 1457 3676 ad
1472 3635 1591 3675 annam
1601 3614 1646 3682 V.
1655 3618 1696 3689 C.
1712 3617 1772 3698 7²³

395 3718 442 3780 M.
464 3716 564 3778 ANT.
592 3714 681 3779 IMP.
704 3712 807 3778 AVG.
830 3713 960 3776 lllVIIi.
1019 3713 1151 3796 ponitur
1169 3711 1298 3775 consul:
1319 3707 1526 3790 ΛΑντωνιος
1540 3713 1595 3779 Μ.
1611 3714 1677 3792 sisar
1693 3712 1770 3780 IIsa·

392 3819 431 3877 R.
448 3819 485 3882 P.
509 3818 545 3880 C.
560 3817 605 3880 M.
638 3815 827 3878 BARBA'I'.
853 3812 895 3907 Q.
922 3816 961 3877 P.
1021 3838 1087 3887 τις.
1139 3811 1303 3907 Quoniam
1333 3837 1351 3877 a
1384 3816 1483 3899 genio
1518 3817 1651 3901 linguae
1684 3820 1772 3882 Lati·
1820 3847 1828 3853 ·

398 3918 799 3999 Gapatnadams'mberbe.
1022 3936 1082 3978 nae
1121 3915 1249 3978 videtur
1283 3906 1482 3993 abhorrere,
1519 3931 1555 3982 ut
1583 3940 1773 4003 cognomen

219 4020 403 4086 CAESAR.
425 4012 514 4081 IMP.
541 4018 673 4084 PONT.
700 4018 795 4082 COS.
830 4019 961 4085 IIIVIR.
1020 4015 1160 4099 cuipiam
1179 4038 1245 4078 non
1264 4021 1331 4089 Ρίἰ,
1358 4017 1416 4081 sed
1434 4022 1576 4093 Pietatis
1590 4022 1770 4099 tribuatur,

116 4134 120 4138 '
219 4126 259 4185 R.
274 4125 312 4184 P.
327 4124 364 4188 C.
386 4122 493 4204 Caput
511 4123 689 4183 Octaviani
702 4123 824 4182 nudam
846 4122 963 4182 barba·
1020 4118 1201 4201 suspicatur
1225 4119 1396 4182 Fabricius
1421 4118 1565 4186 adhunc
1585 4122 1704 4211 Diopis
1722 4125 1777 4187 Ιο-Δ

220 4241 299 4288 tam.
344 4224 415 4290 AV.
439 4221 639 4305 (Pembroclt
659 4225 746 4288 Part.
768 4225 792 4286 l.
806 4220 869 4284 tab.
897 4222 961 4301 ra.)
1021 4240 1115 4288 cunt.
1135 4220 1278 4284 Dionem
1302 4216 1387 4284 istud
1416 4212 1571 4306 inspectis
1597 4224 1648 4285 his
1671 4224 1772 4287 dens·

219 4329 289 4388 AR.
309 4329 410 4408 (llus.
425 4326 536 4408 Caes.)
594 4358 597 4363 ,
1018 4322 1076 4385 riis
1097 4324 1225 4386 temere
1254 4322 1449 4387 adseruisse.
1491 4324 1546 4386 Ad
1567 4345 1634 4388 non
1655 4326 1772 4394 adser-

258 4662 593 4735 nosnatura.
667 4658 1147 4737 a).appan.s.c.u.v.c.ss.
1224 4663 1255 4733 ο)
1274 4659 1349 4718 rhu.
1364 4660 1415 4719 111.
1431 4672 1457 4719 a·
1473 4673 1498 4724 5.
1575 4634 1808 4738 aristas..

222 4777 247 4813 c.
263 4766 289 4817 5.
383 4755 413 4825 c)
434 4751 505 4808 Bell.
522 4752 575 4809 civ.
591 4753 623 4808 L.
637 4751 673 4809 V.
689 4769 713 4805 c.
726 4760 768 4810 sl.
845 4750 871 4822 s)
892 4748 923 4805 L.
936 4749 1066 4808 XLVIII.
1088 4753 1111 4823 b.
1128 4762 1153 4814 5.
