4012 5370
228 471 281 549 >26
779 455 897 529 SEX.
931 455 1238 532 POMPEIVS.

295 629 413 695 Addita
454 649 518 696 vox
546 628 634 694 ῙΜΡ.
665 625 852 707 confirmat,
892 627 980 712 qnod
1036 626 1070 688 in
1093 627 1346 712 Prolegomenis
1368 628 1409 693 ad
1432 640 1552 695 numos
1572 628 1784 696 Familiarum

230 735 383 801 referunt
410 734 461 796 rei
487 735 583 798 Rom.
606 730 802 815 scriptores,
833 731 980 794 Cassium
1037 749 1107 817 cap,
1123 731 1193 799 Vll.
1216 733 1242 808 f.
1256 730 1288 794 3.

231 859 306 902 eum
333 835 472 920 imperio
499 836 533 897 in
563 834 690 918 Syriam
719 833 863 898 missum.
910 832 979 896 Sed
1140 904 1143 909 Ι
1399 898 1418 936 ι

230 954 264 1003 et
286 937 441 1003 Sardibus
474 959 539 1000 una
571 957 645 999 eum
670 937 774 999 Bruto
806 934 848 999 ab
884 953 978 998 exer·
1294 943 1314 982 ⁴
1501 945 1522 985 t

229 1041 296 1104 citu
332 1040 541 1104 acclamatum
578 1039 828 1123 imperatorem,
867 1047 978 1098 narrat
1196 1036 1243 1102 bf.
1270 1033 1477 1132 AQWNVS.
1501 1033 1606 1105 LEG,
1635 1033 1785 1103 [ABER.

227 1143 422 1206 Plutarchus
444 1144 484 1223 α).
522 1139 698 1203 Libertatis
719 1150 816 1221 caput
840 1137 913 1221 jure
943 1138 974 1198 in
1197 1137 1292 1200 TAS.
1314 1142 1421 1222 Caput
1435 1137 1595 1203 muliebre
1608 1142 1722 1205 nimbo
1739 1163 1787 1203 re·

229 1245 281 1308 his
303 1246 409 1308 numia
432 1242 629 1327 praefulget,
653 1239 805 1325 quoniam
828 1239 897 1321 ejus
921 1239 976 1302 ob·
1196 1241 1361 1303 dimitam.
1450 1238 1453 1245 ’

226 1360 320 1410 tentu
356 1366 445 1410 arma
484 1343 629 1426 sumpsit.
671 1342 783 1406 Facile
819 1339 976 1423 patimur,
1034 1341 1071 1406 C.
1090 1339 1222 1406 CASSI.
1241 1341 1330 1403 lMP.
1364 1338 1483 1422 Ilipur
1501 1343 1663 1423 impositu
1681 1344 1785 1406 eorti-

227 1448 328 1511 scribi
358 1444 607 1506 LElBERTAS
643 1463 705 1527 pro
737 1442 973 1519 LIBERTAS,
1019 1463 1087 1505 raaa.
1110 1444 1181 1510 AV.
1201 1444 1301 1525 (Mus.
1315 1441 1456 1521 CAES.)

228 1562 261 1612 at
299 1547 412 1611 durius
444 1560 500 1608 >ast
536 1545 691 1629 scriptum
718 1545 880 1614 ,cassat
912 1563 975 1626 pro
1097 1545 1193 1607 Hunc
1214 1563 1347 1607 numum
1366 1543 1431 1628 jam
1452 1541 1602 1609 dedimus
1623 1543 1782 1631 fulgente

228 1649 382 1727 CASSfr,
405 1669 587 1735 quanquam
609 1660 643 1712 et
664 1647 729 1711 hoc
751 1643 974 1713 excusavimus
1035 1645 1185 1709 Caecilia.

865 1859 1144 1923 PRETIVM.

246 2212 248 2216 Α
449 2128 610 2211 ,argentei
668 2163 680 2175 .
764 2164 777 2176 .
862 2128 897 2176 .’
959 2159 1359 2175 .....
1443 2069 1516 2192 [ᾗ.

372 2265 374 2270 .
451 2231 579 2337 penei⁸
662 2259 1066 2280 .....
1146 2261 1164 2292 Ἴ.
1246 2262 1260 2278 .
1344 2260 1358 2277 .
1443 2227 1484 2293 0,

703 2515 816 2580 SE'X.
858 2512 1154 2578 POMPEIVS
1190 2511 1306 2576 IMP.

290 2681 441 2766 Pompeii
465 2685 512 2748 tt.
536 2683 622 2746 filius
649 2698 725 2747 natu
753 2683 860 2746 minor
885 2683 970 2746 ricto
1030 2700 1111 2764 quos
1139 2679 1270 2744 fortuna
1297 2679 1531 2766 proscriptioni
1559 2678 1699 2766 eripuit,
1728 2702 1777 2744 us·

224 2806 386 2868 caesoque
408 2798 500 2869 patre
523 2785 555 2845 in
578 2785 748 2869 Hispanias
772 2786 970 2848 cumfratre
1029 2804 1092 2867 que
1114 2803 1154 2847 eo
1176 2784 1277 2846 maria
1296 2784 1400 2847 classe
1417 2782 1535 2847 infesta
1551 2781 1719 2861 reddidit,
1743 2796 1778 2846 ut

225 2889 357 2952 seniore
375 2889 484 2951 Cnaeo
502 2887 669 2972 profectus
693 2888 876 2954 universam
898 2909 971 2951 eam
1028 2900 1168 2968 urgente
1185 2887 1303 2949 urbem
1321 2885 1407 2949 fame
1425 2885 1603 2964 Antonius,
1627 2899 1666 2950 et
1681 2885 1777 2951 Octa·

223 2993 397 3076 regionem
418 3004 554 3073 propter
572 3004 720 3056 veterem
740 2987 845 3075 gentis
863 2989 897 3050 in
916 3013 971 3074 pa·
1027 2985 1139 3051 vienus
1162 2989 1204 3054 V'.
1224 2988 1260 3052 C.
1284 2990 1346 3069 715
1370 2988 1458 3071 pacis
1487 3007 1561 3050 cum
1596 3008 1638 3052 eo
1665 2989 1774 3052 eundi·

224 3109 310 3156 trem
333 3093 497 3155 adfectum
518 3091 615 3154 facile
633 3093 665 3153 in
684 3089 848 3156 armorum
867 3093 971 3156 socie·
1029 3087 1135 3150 tiones
1172 3087 1256 3152 inire
1294 3104 1511 3175 cogerentur,
1551 3112 1615 3175 qua
1646 3089 1774 3165 Sicilia,

226 3209 325 3257 tatem
349 3193 526 3276 pertraxit,
553 3192 613 3254 sed
639 3193 742 3257 victus
768 3217 786 3257 a
810 3197 834 3257 Ι.
858 3195 973 3258 Caesa·
1030 3189 1195 3268 Sardinia,
1226 3191 1375 3271 Corsica,
1406 3206 1441 3257 et
1466 3184 1590 3257 Achaia
1617 3191 1689 3275 ejus
1716 3191 1773 3254 im·
1833 3240 1836 3244 .

223 3317 261 3359 re
298 3294 338 3357 ad
370 3292 524 3354 Mundam
557 3295 598 3360 V.
622 3294 658 3359 C..
689 3314 769 3376 709,
809 3315 970 3380 caesoque
1027 3293 1122 3375 perio
1157 3292 1425 3377 subjiciebantur.
1472 3294 1571 3358 Anno
1615 3304 1773 3378 sequeme

224 3398 326 3458 fratre
345 3397 453 3471 Cnaeo
470 3394 534 3476 jam
552 3415 634 3455 unns
657 3410 821 3481 superstes
836 3397 970 3459 latebris
1027 3407 1123 3478 rupta
1153 3394 1271 3458 iterum
1298 3418 1379 3480 pax,
1415 3397 1569 3481 victoque
1601 3395 1774 3481 aliquoties

224 3497 423 3582 aliquamdiu
458 3498 594 3559 salutem
632 3497 723 3562 texit.
764 3497 969 3562 Confirmatis
1027 3496 1109 3590 mari
1132 3496 1310 3563 Octauiano
1339 3497 1475 3563 ducibus
1503 3501 1618 3576 Mena,
1649 3513 1686 3562 et
1705 3501 1774 3562 Me·

223 3600 353 3663 interim
376 3599 520 3684 partibus
541 3598 677 3683 prodire
700 3620 813 3677 ausus,
842 3614 874 3663 et
895 3623 968 3665 sese
1026 3614 1159 3664 neorate
1191 3600 1318 3663 libertis
1345 3599 1504 3685 paternis,
1538 3620 1614 3663 cum
1643 3603 1773 3664 fortuna

222 3701 417 3786 Pompeium
440 3703 606 3785 profiteri,
634 3702 833 3785 interempto
857 3704 969 3785 paullo
1025 3723 1134 3787 neque
1157 3703 1204 3766 uti
1225 3702 1342 3780 sciret,
1372 3723 1479 3787 neqae
1501 3722 1563 3786 per
1582 3704 1691 3767 elatos
1712 3702 1772 3764 int·

223 3818 298 3888 post
317 3804 455 3867 Caesare
475 3805 508 3864 in
529 3804 612 3865 bona
631 3802 728 3865 etiam
747 3817 882 3886 paterna
899 3824 970 3867 suc·
1026 3806 1154 3868 modice
1184 3806 1309 3867 animos
1336 3818 1466 3886 posset,
1497 3804 1538 3873 V.
1563 3806 1598 3870 C.
1625 3805 1692 3886 718
1717 3807 1772 3866 111.

223 3904 339 3983 cessit,
361 3919 397 3968 et
417 3900 656 3988 praefecturam
678 3905 806 3982 classis,
830 3918 868 3967 et
890 3926 967 3969 orae
1026 3928 1101 3973 non.
1129 3908 1219 3988 Sept.
1247 3906 1287 3968 ab
1312 3906 1490 3971 Octaviano
1512 3907 1620 3971 navali
1643 3907 1772 3991 praelio
1833 3989 1837 3999 ,

222 4008 401 4073 maritimae
432 4007 632 4071 decernente
671 4022 784 4071 senatu
820 4007 967 4086 abstulit,
1025 4009 1115 4071 fusus
1133 4009 1347 4093 fugatusque,
1380 4022 1415 4072 et
1435 4009 1469 4070 in
1489 4009 1601 4073 Asiam
1622 4009 1772 4094 elapsus,

222 4132 295 4176 cum
313 4124 452 4194 repente
471 4110 689 4193 proscriptum
709 4131 744 4173 se
761 4111 837 4194 lege
854 4110 965 4188 Pedia,
1023 4112 1113 4195 jussu
1137 4114 1183 4177 M.
1206 4111 1338 4193 Antonii
1365 4110 1450 4194 apud
1475 4110 1643 4176 Midaeum
1668 4113 1772 4195 Phry-

220 4229 372 4299 tanquam
413 4213 562 4276 conscius
603 4211 711 4274 caedis
734 4213 965 4279 ,Caesarianae
1024 4213 1113 4298 giae,
1138 4225 1175 4275 ut
1191 4211 1296 4275 refert
1311 4211 1395 4290 Dio,
1413 4200 1667 4276 vat'seaundum
1685 4215 1774 4277 Stra·

220 4317 353 4393 fuisset,
385 4315 560 4378 intellexit.
605 4315 690 4374 Tum
718 4333 800 4378 vero
831 4313 872 4376 ad
899 4314 967 4378 vim
1022 4311 1190 4396 bonemb)
1215 4329 1249 4377 et
1266 4314 1447 4399 Appianum
1463 4317 1495 4399 ο>
1515 4315 1602 4398 apud
1620 4315 1773 4379 Miletum

221 4439 415 4495 conversus,
435 4416 561 4494 Sicilia,
580 4437 675 4501 quam
691 4406 856 4491 tenuerat}
871 4437 964 4498 prae·
1022 4419 1147 4484 occisus
1164 4431 1215 4481 est
1229 4419 1270 4484 V.
1282 4419 1320 4480 C.
1337 4438 1410 4502 7rq.
1429 4418 1619 4482 consulibus
1634 4420 1675 4484 L.
1691 4419 1775 4483 Cor·

220 4518 311 4582 sidiis
355 4520 493 4597 mnnita,
545 4517 753 4602 receptisque
796 4518 960 4602 plurimis,
1019 4519 1157 4598 nufioio,
1186 4535 1220 4584 et
1250 4522 1326 4588 Sex.
1340 4520 1501 4605 Pompeio
1522 4521 1602 4585 Sex.
1623 4520 1682 4597 F.,
1713 4521 1771 4605 qui

257 4715 288 4782 a)
308 4710 342 4768 lu
360 4710 449 4767 Bruto
465 4720 585 4787 capae.
659 4708 746 4799 b)b.
761 4709 812 4768 111.
830 4730 861 4786 p.
877 4731 913 4771 m.
933 4723 996 4785 209.
1072 4717 1103 4787 c)
1122 4710 1195 4769 Bell.
1211 4715 1266 4771 civ.
1281 4713 1364 4773 L.V.
1381 4731 1406 4770 c.
1425 4720 1484 4773 til.
1563 4778 1565 4782 ,
