3998 5340
902 465 1072 544 NERO.

406 637 695 716 menaea.
715 641 766 704 aa.
801 614 804 619 ’

262 757 328 823 vn.
349 760 384 824 r.
401 759 480 822 Vll.
500 759 596 822 rm.
618 757 714 823 coa.
729 760 790 821 IV.
812 761 849 824 r.
868 758 920 824 nt.

448 880 486 941 r.
506 880 542 943 e.
565 877 663 940 rme.
684 909 732 926 .-

218 995 254 1058 C.
274 994 435 1058 Caesonio
457 999 578 1074 Paeto,
606 994 642 1059 C.
662 999 820 1059 Petronio
847 996 961 1079 Turpi·

500 1098 593 1158 lieno
611 1117 678 1160 eos.

279 1241 478 1304 Britanniam
503 1256 636 1307 auctore
656 1243 823 1308 Boudicca
847 1246 963 1328 regina

219 1342 424 1408 deiicientem
436 1344 603 1408 Paullinua
617 1347 793 1410 Suetoniue
808 1361 899 1431 parta
914 1347 963 1408 in·

219 1445 302 1529 rigui
320 1446 454 1511 victoria
469 1447 509 1509 ad
527 1445 718 1532 obsequium
732 1463 865 1513 revocat
880 1452 922 1529 ⁸).

381 1546 513 1612 NERO.
538 1550 720 1616 CAESAR.
745 1550 961 1619 AVG.·1u1P.

383 1650 490 1730 Caput
509 1653 642 1714 nudum.

217 1746 392 1813 PONTIF.
411 1749 517 1816 MAX.
539 1751 610 1816 TR.
620 1753 664 1819 P.
678 1754 763 1821 Vlll.
781 1749 963 1816 cos,1111.

216 1853 256 1916 P.
272 1851 311 1916 P.
329 1851 401 1917 EX.
425 1851 458 1917 S.
471 1851 513 1916 c,
544 1853 668 1934 nguru
690 1856 853 1916 militaris
869 1867 965 1915 stans

217 1965 280 2018 etc.
299 1966 336 2013 ut
355 1956 401 2014 od
416 1973 539 2014 annum
557 1957 715 2035 priorem.
746 1956 782 2016 ln
799 1953 889 2016 aliie:
911 1955 966 2016 tt-

214 2071 302 2133 gum
316 2054 478 2115 militaris
491 2068 586 2118 stans
598 2077 626 2119 s.
637 2075 737 2117 manu
754 2056 904 2137 clypeum
919 2067 967 2117 tc·

217 2176 313 2229 nens,
342 2176 369 2216 s.
385 2157 468 2233 pede
487 2168 587 2236 caput
603 2157 801 2240 humanum,
827 2168 887 2216 out
903 2176 966 2237 gu·

216 2255 445 2330 humeralem,
463 2254 556 2317 humi
567 2259 746 2340 pharetro,
765 2276 881 2330 orcus,
897 2256 965 2338 cly-

213 2377 306 2434 peus.
328 2356 365 2415 In
382 2355 467 2417 aliiae
494 2354 591 2420 Ceres
604 2371 715 2433 stans,
734 2371 771 2418 ut
785 2360 831 2420 od
843 2377 966 2419 annum

213 2459 369 2535 priorem.
393 2458 464 2523 AV.
486 2457 555 2517 AR.
576 2460 676 2538 (Mus.
693 2457 804 2540 Caes.)

381 2605 516 2721 NERO.
541 2604 725 2723 CAESAR.
760 2657 867 2740 Caput
892 2657 965 2717 lou·

381 2770 522 2820 reatum.

220 2855 423 2923 PAVLLlN.
442 2857 537 2917 Mars
553 2858 661 2918 nudus
677 2867 772 2918 stom
785 2857 816 2917 d.
827 2874 967 2931 romum,

219 2979 245 3023 s.
270 2958 412 3018 bustum.
435 2956 565 3020 Plumb.

283 3060 424 3120 Numam
439 3058 536 3133 bunc,
552 3056 735 3141 cuicunque
749 3056 880 3119 demam
896 3054 968 3116 naui

220 3159 389 3235 servierit,
414 3181 487 3221 nam
512 3157 685 3242 plumbeus
710 3171 778 3234 eat,
806 3171 860 3220 ant
882 3169 968 3218 atam

219 3280 318 3338 nens,
348 3260 451 3323 edidit
475 3259 680 3323 Morelliua
670 3281 704 3320 ιιι
727 3259 965 3336 Miscellaneis‚

1687 477 1759 558 265

1018 637 1130 717 ried),
1163 659 1200 700 ae
1221 648 1288 699 turn
1310 634 1434 720 primae
1455 639 1678 704 Romanorum
1705 640 1764 705 du·

1017 761 1092 803 carn
1128 741 1293 801 Atlantem
1328 753 1473 800 montem
1514 742 1696 825 exploravit
1720 747 1762 824 ο).

1017 841 1139 924 Aliquo
1156 853 1231 922 poat
1247 859 1377 903 caecum
1394 840 1574 923 Caligulam
1592 862 1676 904 anno
1688 862 1763 906 rem
1793 846 1798 853 ’

1017 941 1262 1003 frumentarium
1301 943 1426 1005 Romae
1468 943 1673 1025 procuravit,
1705 955 1766 1006 ut

1019 1042 1142 1126 colligo
1165 1063 1205 1104 ex
1229 1041 1423 1122 Senecas),
1445 1044 1502 1126 qui
1522 1043 1674 1108 Paullino
1697 1044 1766 1108 ele·

1020 1130 1149 1229 gentem
1177 1164 1270 1204 sunm
1298 1143 1339 1206 de
1361 1143 1527 1206 Brevitate
1554 1146 1640 1208 vitae
1669 1144 1766 1210 libel·

1019 1246 1086 1308 lnm
1117 1244 1293 1327 inscripsit.
1338 1246 1523 1326 imperante
1554 1247 1688 1308 Nerone
1716 1267 1770 1311 re·

1018 1347 1125 1411 bellea
1148 1348 1321 1408 Britannos
1347 1345 1472 1428 ingenti
1496 1347 1590 1410 clade
1614 1346 1769 1432 profliga-

1020 1449 1086 1525 vit,
1115 1445 1156 1509 de
1176 1469 1238 1531 qua
1257 1446 1388 1510 Tneitna
1404 1449 1450 1530 8):
1484 1449 1604 1525 Claro,
1629 1461 1662 1540 et
1681 1453 1769 1512 unti-

1020 1553 1095 1631 qu'is
1125 1551 1278 1610 victoriis
1300 1570 1364 1630 pur
1394 1570 1434 1621 ea
1463 1550 1517 1610 die
1547 1549 1624 1611 loos
1649 1564 1770 1630 parto,-

1021 1653 1139 1731 qut'ppe
1161 1661 1259 1725 sunt,
1286 1653 1345 1726 qui
1366 1650 1484 1728 paullo
1510 1653 1639 1726 minus,
1670 1670 1769 1727 quum

1018 1754 1194 1832 octoginta
1216 1748 1326 1809 millia
1346 1748 1584 1809 Britannorum
1608 1753 1768 1812 cecidisse
1790 1795 1792 1798 -

1022 1852 1168 1912 trudunt.
1194 1848 1288 1932 Lege
1307 1848 1403 1911 etiam
1422 1847 1564 1911 Dionem
1579 1844 1622 1930 11).
1645 1849 1769 1912 Consul
1874 1872 1881 1886 ·

1022 1948 1165 2034 denique
1185 1950 1346 2033 processit
1360 1950 1401 2017 V.
1421 1951 1457 2010 C.
1473 1951 1535 2030 Sin
1557 1950 1592 2032 i).
1616 1951 1770 2034 Pingitur

1016 2071 1105 2135 ’ergo
1121 2052 1155 2112 in
1171 2047 1235 2115 hdo
1250 2071 1367 2126 numo,
1386 2053 1447 2113 etei
1463 2051 1586 2113 metalli
1599 2051 1768 2135 ignobilia,

1022 2167 1054 2216 at
1067 2153 1204 2214 illustria
1221 2152 1419 2234 argumenti,
1439 2156 1542 2228 Mara,
1559 2172 1619 2215 eeu
1637 2151 1701 2216 hoo
1716 2176 1773 2215 an·

1022 2253 1113 2336 apice
1128 2253 1297 2338 praeclare
1314 2272 1368 2316 rea
1384 2267 1484 2336 gesta,
1503 2273 1560 2314 een
1576 2257 1664 2337 quod
1675 2253 1774 2318 Paul·

1022 2355 1108 2417 linus
1126 2355 1197 2438 ipae
1213 2375 1252 2417 re
1267 2354 1386 2417 bellica
1402 2368 1489 2417 tenta
1509 2374 1581 2417 cum
1596 2356 1697 2418 laude
1710 2376 1772 2440 ge*

1021 2469 1069 2519 ota
1085 2458 1183 2518 Marti
1198 2456 1435 2542 aequiparatur.
1455 2455 1534 2522 Vidi
1554 2458 1658 2520 aerius
1679 2456 1769 2522 hunc

1020 2557 1125 2641 ipsum
1141 2579 1274 2620 numum
1290 2557 1374 2619 binio
1387 2557 1470 2619 locis
1485 2555 1612 2638 abipso
1623 2559 1772 2642 seguino

1019 2656 1145 2719 laudari
1165 2656 1217 2739 ¹¹),
1239 2678 1381 2741 eumque
1402 2675 1530 2720 mecum
1551 2658 1673 2721 sentire
1695 2679 1770 2722 cum

1021 2757 1188 2839 voluptate
1210 2757 1376 2841 perspexi.

1217 2917 1578 2984 laceremur.

1030 3014 1772 3087 TR.P.V111.IX.COS.1V.P.M.P..P

1313 3121 1487 3186 IMR·

1047 3241 1083 3306 C.
1104 3241 1216 3304 Murio
1234 3241 1345 3318 Celso,
1361 3241 1401 3303 L
1416 3240 1541 3302 Asinio
1562 3237 1663 3304 Gallo
1681 3260 1749 3303 eos.

220 3383 301 3446 quoa
336 3362 530 3425 familiarum
561 3362 668 3425 numia
694 3357 736 3426 ud
763 3361 886 3426 calcem
908 3360 968 3424 ad·
1086 3361 1231 3424 Corbulo
1249 3359 1437 3422 Armeniam
1452 3357 1609 3423 adversae
1624 3359 1770 3442 Vologe-

220 3462 302 3526 didit
331 3462 375 3544 h).
432 3465 679 3527 Commentator
720 3467 965 3546 Havercampuu
1021 3482 1091 3525 aem
1115 3462 1421 3535 Parthumtuetur,
1456 3459 1511 3540 qui
1539 3479 1580 3521 eo
1606 3458 1771 3522 reducere

220 3564 330 3647 paucis
349 3586 420 3627 rem
437 3566 595 3641 absolvit,
617 3564 742 3629 edictoz
767 3588 832 3628 non
850 3570 964 3641 videri,
1020 3566 1156 3628 fratrem
1172 3562 1350 3625 Tiridatem
1368 3559 1510 3644 parabat.
1533 3557 1679 3620 Subinde
1692 3560 1773 3622 Cae·

221 3685 354 3724 numum
369 3668 457 3727 bunc
470 3671 514 3728 ad
526 3669 701 3728 historiam
707 3670 828 3750 fucere
843 3670 882 3748 ο).
900 3665 967 3728 Sed
1025 3667 1156 3729 cennius
1181 3666 1299 3727 Paetne
1325 3662 1449 3746 mugnis
1474 3683 1491 3723 a
1517 3659 1647 3721 Parthie
1672 3659 1707 3719 in
1733 3679 1773 3722 ea

221 3765 309 3827 enim
333 3764 472 3828 dubitari
498 3767 627 3851 nequit,
657 3768 824 3829 exaratum
849 3769 881 3827 in
904 3768 967 3829 boc
1023 3766 1239 3829 incommodis
1252 3765 1405 3828 adficitur
1424 3759 1461 3838 ¹).
1483 3763 1574 3824 Nero
1584 3761 1771 3846 Poppaeam

222 3881 433 3929 monumento
462 3859 713 3935 Plvbntttum
745 3887 820 3931 ease
851 3868 967 3930 Sueto·
1025 3867 1175 3931 Sabinam
1198 3867 1287 3932 du'cit
1312 3863 1480 3931 exturbata
1498 3863 1650 3940 Ourania,
1674 3861 1771 3926 banc·

221 3968 308 4029 nium
327 3969 510 4030 Paullinnrn
528 3990 626 4053 saepe
641 3993 658 4031 a
676 3967 906 4051 scriptoribus,
929 3990 966 4033 ac
1024 3991 1087 4055 que
1107 3970 1217 4052 paullo
1235 3982 1309 4053 pout
1326 3982 1432 4032 morte
1450 3965 1559 4029 adiicit
1573 3965 1624 4043 111).

219 4069 397 4151 praecipue
430 4071 561 4144 Tacito,
600 4091 674 4161 cum
712 4069 808 4132 laude
845 4091 968 4133 memo·
1091 4080 1098 4093 '
1185 4071 1319 4135 NERO.
1346 4062 1773 4134 consentivam.

221 4183 338 4234 ratum.
370 4170 509 4232 Praetor
530 4168 664 4233 Maurod
684 4169 816 4234 fortiter
836 4192 967 4254 uepres·
1190 4173 1298 4255 Caput
1317 4174 1451 4234 nudum.

257 4391 988 4467 >reannax1v29seqn10awnx1r
1042 4393 1318 4464 mraawvnro

219 4477 397 4552 aaut.)
519 4480 857 4556 0>r1tn.a..v.pan.

1397 4393 1427 4460 c)
1446 4408 1514 4465 pag
1525 4399 1589 4452 473·
1663 4389 1698 4458 d)
1718 4388 1776 4442 Dio

982 4482 1009 4553 ἰ)
1031 4483 1068 4538 de
1085 4483 1190 4539 brevit.
1205 4483 1324 4542 vitaee.
1333 4490 1377 4545 18
1499 4483 1533 4556 g)
1552 4480 1628 4536 Am.
1637 4478 1713 4540 xlv
1730 4490 1776 4541 37

220 4566 514 4637 h)1..1.x11.iait.to
635 4572 659 4643 i)
679 4571 899 4629 Dial..1.xl11.
917 4574 942 4641 θ.
955 4586 979 4632 1.
1097 4571 1130 4642 b)
1150 4573 1238 4630 Num.
1252 4571 1304 4631 sel.
1324 4591 1355 4649 p
1367 4579 1462 4642 13900
1477 4581 1542 4630 200
1655 4567 1685 4641 l)
1704 4568 1777 4624 Tne.

219 4656 295 4716 Ann.
307 4656 368 4718 XV.
479 4663 521 4732 m)
541 4660 611 4718 Tac.
626 4661 703 4721 Anu.
714 4660 791 4721 XIV
806 4665 841 4725 60
858 4680 920 4736 aeq.

282 4767 378 4851 (Vol.
391 4767 468 4848 Vl.)

495 4968 501 4987 ί

407 5007 420 5039 .-

341 5006 529 5257 10111.

374 5246 407 5257 ιι

1405 4721 1529 4832 ⁴Iul
