3998 5340
599 441 809 516 sumus
844 440 1083 516 csssln.
1162 466 1165 472 ·
1532 435 1641 555 Μ

57 609 147 672 bunc
164 607 366 672 consulatum
387 607 501 687 iniret,
526 622 581 674 sut
595 610 742 692 signatos
762 627 803 672 eo
927 613 1031 675 onr.
1055 608 1161 692 Hujus
1180 629 1304 691 nomon
1325 636 1344 679 a
1362 618 1534 700 Spaniam
1555 643 1609 687 re.

59 711 123 791 jam
135 699 204 775 'bita
226 711 348 774 iuncto.
377 710 624 795 ‘Vtrumquesn
644 710 804 775 verisimi·
861 708 997 788 ticetur,
1040 711 1095 794 qui
1123 711 1211 775 aliud
1247 730 1327 779 non·
1344 717 1474 801 prodit,
1511 743 1607 804 quam

56 810 246 877 leiObstot
260 810 402 894 denique
415 832 532 874 numus
547 812 642 894 hujus
655 813 802 879 Caesaris
859 811 961 874 fuisse
991 811 1121 876 Aelium
1154 813 1285 896 Nigrini
1313 838 1493 898 generum,
1536 824 1608 906 ejus

59 911 183 995 Sinope
201 930 385 995 percussus
398 931 471 973 cum
494 932 578 976 nuno
596 914 802 990 CLXXXll.‚
861 912 979 996 ipsius,
1001 934 1114 997 quem,
1140 914 1228 996 quod
1249 917 1415 983 Hadriano
1436 919 1607 993 insidiatus

56 1032 99 1076 ex
127 1011 218 1092 cujus
246 1011 373 1075 calculo
399 1011 516 1088 confit,
547 1014 679 1077 Aelium
697 1013 801 1077 adhuc
861 1029 964 1092 esset,
1005 1015 1181 1081 Faventino
1212 1017 1490 1100 jubentesenatn
1519 1023 1605 1090 occi

56 1112 178 1178 sixisse
193 1126 334 1174 exeunte
356 1130 440 1175 suno
458 1114 643 1197 superiore.
859 1135 930 1176 sum
954 1115 1019 1179 slio
1042 1117 1119 1180 loco
1141 1116 1298 1201 perhibet
1314 1117 1358 1202 b).
1401 1121 1532 1189 Eodem
1553 1146 1608 1186 su·

121 1215 278 1276 Ceterum
315 1214 378 1276 luit
408 1214 539 1292 Aelius,
577 1229 613 1278 ut
640 1215 802 1300 Spartiani
860 1217 1075 1279 ctoreAelius
1090 1217 1167 1281 huic
1186 1240 1262 1283 suso
1281 1221 1377 1283 uxori
1389 1201 1609 1306 conquerenti

18 1376 25 1386 ,
55 1313 168 1378 verbis
205 1328 293 1393 utar,
332 1330 499 1400 comptus,
538 1315 696 1393 decorus,
734 1318 803 1400 pul·
860 1318 901 1382 de
916 1319 1079 1382 extraneis
1096 1320 1167 1399 ejus
1183 1321 1400 1404 voluptatibus
1416 1327 1603 1408 respondis·

56 1413 250 1480 chritudinis
276 1419 406 1500 regiae,
445 1417 512 1479 oris
541 1416 739 1493 venerandi,
770 1417 803 1477 in
860 1439 895 1484 se
911 1418 1034 1482 fertur:
1060 1432 1178 1501 petere
1198 1443 1249 1483 me
1263 1445 1325 1504 per
1341 1424 1430 1488 ulios
1453 1447 1608 1491 exercere

55 1515 122 1580 sits
142 1517 267 1601 privata
289 1518 351 1579 etsi
380 1518 486 1580 minus
516 1517 714 1601 probabilis,
745 1518 803 1579 mi·
851 1523 1062 1600 'cupiditates
1084 1541 1196 1601 meos3
1219 1541 1307 1585 uxor
1323 1525 1412 1585 enim
1427 1528 1608 1608 dignitatis

56 1637 118 1680 nus
146 1632 256 1682 temon
280 1618 590 1701 reprehendendus,
623 1619 801 1704 eloquens,
859 1632 1066 1696 nomenati,
1094 1640 1159 1680 nou
1187 1621 1386 1702 voluptatis.
1424 1625 1504 1709 Ejus
1531 1629 1607 1691 reli·

55 1730 91 1792 et
111 1717 145 1779 in
166 1719 334 1803 republica
351 1740 418 1784 non
444 1720 577 1783 inutilis.
617 1721 654 1780 ln
673 1720 803 1801 provin·
856 1738 997 1802 quauna
1015 1738 1088 1783 oum
1105 1719 1236 1783 nomine
1250 1720 1499 1789 interciderunt.
1521 1730 1606 1790 Mul·
1662 1726 1670 1740 “

55 1819 107 1884 cis
121 1819 220 1883 rebus
243 1834 297 1884 sut
322 1821 429 1898 bene,
460 1834 514 1884 aut
535 1820 678 1883 feliciter
700 1823 802 1904 gestis
854 1832 893 1882 to
922 1820 1125 1904 ingeniosior
1146 1809 1474 1917 Ocoossnffrsgante
1508 1827 1606 1893 etism

55 1940 124 1986 non
149 1921 282 2005 quidem
315 1921 449 2000 summi,
486 1920 586 1983 medii
614 1934 722 1984 tomen
745 1922 802 1984 du·
858 1920 1091 1996 Mediobsrho.
1125 1922 1182 2003 qui
1214 1921 1299 1986 bano
1329 1925 1459 2007 Nigrini
1486 1928 1606 2006 liliam,

55 2021 104 2086 cis
123 2020 244 2086 famam
261 2019 403 2086 abstulit.
446 2027 484 2085 ln
501 2020 741 2106 voluptatibus,
763 2040 802 2089 ao
854 2034 894 2084 et
920 2021 1009 2084 Aelii
1032 2041 1170 2085 uxorem
1197 2020 1298 2087 fuisse
1324 2036 1471 2091 vocatsm
1492 2031 1608 2097 Domi·

55 2121 197 2189 mollitie
228 2122 363 2201 nimius,
399 2123 491 2208 cujus
522 2123 656 2208 ingenio
684 2137 802 2191 venter
855 2122 936 2185 tiam
960 2121 1123 2186 Lucillum
1159 2122 1363 2189 confidenter
1392 2127 1543 2210 quidem,
1574 2145 1607 2196 st

53 2225 172 2288 multas
198 2224 276 2290 nori
304 2227 435 2308 generis
467 2225 640 2309 cupediae,
680 2245 800 2311 corpus
858 2222 1049 2285 nulloteste
1065 2222 1199 2298 adserit,
1219 2223 1317 2309 eique
1334 2247 1400 2288 non
1418 2251 1607 2312 paucosnu-

56 2323 278 2392 effeminatum
308 2326 443 2402 molles,
483 2346 521 2388 ae
551 2325 715 2388 delibutos
744 2349 802 2389 un·
858 2344 929 2387 mos
951 2325 1101 2387 Lucillae
1124 2325 1397 2411 Verisdemptos
1421 2333 1510 2393 nulls
1535 2333 1608 2396 veri

55 2426 185 2513 guentis
209 2428 334 2502 lectos,
366 2441 400 2488 et
424 2426 654 2490 adcubutiones
675 2427 801 2492 debuit.
859 2423 970 2507 specie
987 2425 1142 2510 largitur,
1168 2423 1209 2488 de
1231 2428 1370 2509 qualite
1389 2429 1484 2513 plura
1505 2432 1610 2498 disse·
1650 2472 1654 2479 -

57 2523 254 2592 cursoribus
274 2516 469 2609 Cupidinu'm
489 2529 642 2610 exemplo
664 2528 802 2592 alasad·
859 2546 935 2587 rere
960 2545 1027 2588 non
1056 2526 1165 2602 lubet,
1204 2548 1278 2590 cum
1304 2549 1381 2592 eam
1406 2531 1470 2612 jsm
1495 2535 1606 2598 unsui-

55 2631 180 2714 posnit,
210 2630 320 2691 inditis
342 2631 487 2704 Boreae,
510 2629 606 2703 Noti,
628 2627 800 2712 Aquilonis
855 2626 918 2686 mis
934 2626 1383 2707 antiquariorumconsensus
1408 2635 1564 2699 secuerit.

57 2730 252 2795 nominibus.
284 2730 329 2791 At
349 2729 438 2791 idem
464 2717 657 2792 valetsidinis
680 2728 802 2814 impro·
921 2724 1053 2789 Proles:
1083 2727 1123 2788 L.
1141 2729 1247 2790 Verus
1275 2730 1320 2793 Μ.
1339 2729 1468 2793 Aurelii
1490 2731 1525 2795 in
1545 2735 1605 2796 ins·

56 2831 273 2918 succressit,
302 2830 480 2914 quodpost
502 2829 711 2914 adoptionem
736 2855 801 2895 ma·
858 2828 954 2912 perio
970 2825 1120 2911 conlega.
1207 2811 1240 2924 ὀ

54 2934 143 2997 xime
159 2933 276 3019 patuit,
300 2933 345 2995 sic
365 2947 401 2995 ut
418 2934 487 3015 ejus
507 2932 649 3016 adoptati
664 2933 801 2996 Hadria·
921 2929 1045 3004 Fabio,
1075 2926 1167 3009 cujus
1188 2929 1336 2993 meminit
1352 2930 1553 3018 Cspitolinus
1568 2935 1604 3001 is

54 3053 134 3100 num
149 3033 261 3120 paullo
284 3045 358 3116 post
376 3032 581 3117 poeniteret,
604 3034 696 3117 isque
718 3033 802 3097 sera·
858 3032 903 3093 Μ.
920 3028 1076 3107 Aurelio,
1099 3042 1132 3093 et
1149 3030 1189 3095 L.
1202 3029 1304 3096 Vero.

56 3135 268 3212 indixisse,
296 3155 332 3197 se
351 3134 385 3195 in
404 3134 558 3198 caducum
581 3138 739 3217 parietem
755 3136 802 3196 in·
1117 3211 1138 3251 ὓ
1221 3167 1241 3204 ι.
1325 3213 1345 3253 ὓ

56 3235 225 3313 cubuisse,
255 3245 288 3298 et
305 3234 489 3318 perdidisse
512 3235 575 3295 118.
594 3250 708 3319 quater
730 3237 800 3298 mil·

54 3339 135 3416 lies,
157 3337 246 3424 quod
265 3336 405 3420 populo,
428 3351 462 3399 et
476 3336 631 3400 militibus
649 3358 709 3420 pro
727 3339 799 3418 ejus
920 3334 1017 3395 Numi
1034 3334 1129 3418 hujus
1147 3332 1241 3410 anni,
1263 3326 1319 3418 qui
1335 3334 1465 3398 Aelium
1485 3318 1602 3423 paucas

55 3441 229 3525 adoptione
249 3436 405 3513 dederat,
427 3451 461 3499 et
478 3438 624 3518 jamtum
640 3439 681 3505 ‹le
701 3438 798 3502 Aelio
858 3450 980 3498 tantum
996 3435 1094 3500 boras
1111 3434 1321 3516 superstitem
1338 3437 1437 3514 vidit,
1458 3460 1525 3505 non
1547 3441 1604 3504 bs·

55 3539 169 3609 disere
189 3553 294 3618 sortes
307 3538 525 3622 Virgilianae:
858 3536 989 3601 bentur.

123 3644 302 3709 Ostendent
329 3643 428 3703 terris
447 3640 535 3703 hune
555 3655 685 3704 tontum
699 3648 798 3727 sets,

498 3745 709 3820 ”Ciueultm
977 3756 1081 3821 Nemi
1103 3761 1278 3820 comatis
1299 3758 1480 3842 peregrini.
1580 3742 1585 3750 ⁵

118 3848 202 3909 Esse
218 3847 340 3907 sinent.
1319 3904 1321 3907 ¹

57 3927 273 4010 Oonseoratus
295 3959 525 4028 postmortem
550 3963 616 4006 non
633 3943 798 4027 proditur,
919 3943 1057 4027 Insignis
1077 3955 1127 4006 est
1145 3963 1261 4005 numus
1285 3955 1461 4026 argenteus
1487 3936 1603 4008 drsob'·

58 4061 89 4111 st
109 4047 228 4112 statuas
250 4066 312 4131 per
336 4057 439 4108 totum
469 4047 582 4109 orbem
616 4048 799 4124 colossess,
857 4063 927 4106 mae
953 4043 1101 4128 pondere
1125 4044 1269 4128 signatus
1288 4042 1391 4105 Amisi
1410 4044 1601 4110 Ponticum

59 4147 229 4232 ettempla
252 4148 285 4208 in
309 4148 473 4210 nonnullis
499 4147 634 4211 urbibus
654 4148 724 4229 ejus
742 4149 800 4211 ho·
856 4165 941 4208 anno
958 4143 1061 4223 ΡΞΘ,
1088 4165 1186 4229 quem
1205 4145 1280 4210 vide
1298 4144 1332 4206 in
1349 4159 1480 4209 monets
1504 4145 1599 4229 hujus

34 4250 133 4316 ,nori
153 4248 201 4317 sb'
213 4247 380 4312 Hadriano
403 4249 560 4333 imperata
582 4249 689 4313 resert
704 4249 800 4333 Spar·
857 4246 964 4325 urbis,
997 4270 1061 4333 qno
1086 4248 1162 4309 loco
1188 4259 1223 4309 et
1248 4245 1391 4331 iniqusm
1420 4246 1600 4342 lectionem

59 4353 181 4428 riscus,
209 4350 372 4434 sepultum
396 4364 502 4414 sutem
527 4351 561 4413 in
589 4365 799 4417 monumento
855 4351 948 4435 Pagii
972 4347 1165 4434 perstrinxi.
1200 4347 1235 4410 in
1259 4337 1365 4411 numo
1391 4348 1489 4411 simili
1521 4349 1600 4413 sori·

57 4438 214 4518 Hadriam
231 4451 430 4537 Capitolinus
446 4454 484 4533 ¹).
535 4446 540 4451 ’
856 4464 948 4534 ptum
962 4448 1045 4515 Pie
1055 4467 1229 4534 perperam
1241 4448 1422 4515 adserentis
1438 4453 1478 4533 ο).
1500 4449 1598 4529 Vide,

93 4664 124 4733 s)
145 4661 177 4717 lu
190 4659 268 4719 Vero
283 4662 337 4720 sub
354 4661 403 4715 bn.
462 4657 513 4726 b)
535 4655 567 4713 lu
581 4656 730 4714 Hadriano
749 4659 822 4733 Cap.
833 4669 859 4716 7.
879 4668 905 4710 et
919 4668 962 4720 23.
1038 4661 1068 4725 c)
1089 4655 1190 4712 Crisia.
1207 4657 1271 4714 Bnr.
1285 4655 1324 4712 ad
1339 4655 1491 4716 eunAEbr.
1501 4668 1562 4752 ¹⁵²3
