4012 5370
245 526 290 595 m
781 501 984 581 rvmvs‘
1013 439 1274 580 caussa(

241 680 394 745 omnihus
408 697 473 741 non
489 676 586 740 aliud
598 686 658 739 aut
673 677 806 758 recepit,
820 688 881 739 aut
896 697 990 738 usur·

234 785 331 866 pavit
348 782 523 857 libentius,
542 798 641 859 quum
653 778 709 856 jus
724 778 861 840 laureae
875 798 989 861 perpe·

238 899 296 949 tuo
315 884 508 964 gestandae.
554 881 636 943 Nam
669 877 757 963 quod
787 878 988 944 recalvaster

236 997 325 1062 erat,
346 982 387 1046 ad
403 983 580 1066 tegendam
598 981 782 1060 calvitiem,
795 980 890 1064 cujus
911 1001 987 1044 eum

236 1084 450 1173 suppudcbst,
466 1106 531 1147 non
549 1084 637 1148 aliud
653 1097 784 1168 praesto
800 1102 876 1146 esse
895 1097 987 1165 pote·

237 1186 472 1253 ratsubsidium
483 1186 713 1270 opportunius3
725 1204 806 1270 quae
814 1205 907 1248 causa
916 1185 988 1262 fuit,

234 1310 295 1355 our
322 1290 401 1353 olim
424 1309 486 1352 rex
510 1307 640 1371 quoque
664 1286 865 1372 Agathocles
894 1307 988 1351 coro·

234 1414 308 1457 nam
323 1402 468 1474 gestaret
483 1392 523 1473 α).
553 1386 646 1451 Idem
663 1387 705 1451 dc
734 1389 873 1454 Caesare
890 1403 987 1454 testa·

233 1510 289 1559 tur
309 1493 374 1556 Dio
397 1510 528 1576 quoque
543 1482 597 1571 1’)ι
632 1488 785 1568 scilieet,
801 1513 930 1575 semper
951 1505 985 1554 et

233 1599 353 1677 ubique
375 1599 493 1658 laurea
514 1613 588 1655 eum
615 1613 737 1654 cotom
753 1593 869 1676 fuisse
886 1590 988 1656 'erna-

232 1711 314 1776 tum,
340 1698 466 1777 objecto
490 1715 617 1770 cause,
640 1695 730 1773 quod
751 1694 986 1762 ostentasset.

233 1799 300 1864 Sed
317 1795 663 1872 animadvertendum,
690 1797 853 1873 lauream,
881 1799 984 1882 qual.

231 1903 353 1967 Caesar
369 1922 444 1963 usus
471 1910 544 1973 est,
567 1897 669 1962 fuisse
684 1896 845 1962 diversam
868 1897 909 1960 ab
929 1918 983 1976 ea,

232 2025 295 2089 qua
311 2003 363 2065 usi
387 2014 462 2064 sunt
492 2000 563 2083 ejus
592 2019 800 2062 successores
824 2000 963 2082 Augusti
972 2023 982 2081 3

229 2127 304 2169 nam
323 2103 442 2166 horum
463 2101 575 2164 laurea
596 2101 719 2164 intexta
739 2100 801 2163 fuit
822 2100 984 2165 diadema·

229 2207 276 2284 ai,
298 2206 389 2290 cujus
411 2217 578 2268 extremae
595 2203 713 2266 fasciae
730 2202 763 2263 in
779 2202 885 2264 numia
906 2224 983 2266 con·

230 2307 411 2394 spiciuntur
435 2318 511 2390 post
534 2303 664 2388 occiput
687 2325 728 2367 ex
751 2304 839 2366 nodo
859 2304 982 2388 depen-

230 2412 324 2477 dere.
367 2410 412 2472 At
434 2412 460 2472 1.
485 2402 632 2470 Caesaris
655 2405 766 2469 laurea
787 2405 850 2469 hoc
871 2407 981 2473 ‹liade-

230 2527 315 2576 mate
328 2515 331 2519 ’
346 2522 536 2576 constanter
563 2508 768 2584 destituitur,
814 2529 922 2594 neque
943 2510 979 2572 id

228 2635 370 2698 unquam
403 2613 435 2676 ei
464 2635 482 2676 a
513 2610 636 2695 populo
667 2608 862 2692 permissum
896 2610 976 2690 fuit,

228 2736 302 2781 cum
325 2715 473 2778 diadema
497 2714 610 2798 regiae
635 2713 803 2796 potcstatis
822 2714 976 2776 Romanis

225 2833 400 2902 tantopere
427 2836 548 2879 exosae
575 2827 664 2878 esset
689 2812 856 2881 indicium.
897 2817 977 2878 Nar-

225 2935 278 2985 rat
313 2919 489 3008 Suetonius
505 2920 555 3000 c),
595 2915 769 3003 aliquando
804 2916 977 3002 quemdam

225 3023 364 3089 eturba
393 3036 517 3087 statuae
547 3020 694 3083 Caesaris
725 3039 880 3082 coronam
910 3021 978 3084 lau·

149 3100 164 3121 ³
224 3147 319 3190 ream
339 3123 477 3188 candida
505 3122 605 3185 fascia
632 3120 844 3204 praeligatum
873 3122 977 3204 impo-

226 3227 350 3302 suisse,
366 3238 400 3287 at
428 3244 499 3286 eam
522 3223 676 3285 continno
692 3220 805 3304 Epidii
823 3223 974 3301 Marulli,

227 3343 262 3394 ct
284 3327 425 3392 Caesetii
449 3324 544 3388 Flavi
568 3323 775 3387 tribunorum
798 3323 889 3407 jussu
918 3324 975 3389 tle·

225 3445 362 3496 tractam
388 3429 501 3510 fuisse.
538 3424 633 3490 'Idem
663 3423 833 3488 adfirmant
855 3427 973 3511 Appia-

224 3531 352 3617 nusd),
394 3545 428 3595 et
449 3529 572 3612 niae).
613 3527 732 3591 Refert
760 3529 857 3592 etiam
883 3529 974 3592 Plut-

224 3635 341 3702 archus
364 3634 413 3697 bis
434 3631 480 3716 ¹),
524 3635 570 3696 M.
592 3631 771 3694 Antonium
800 3631 887 3695 inter
908 3635 973 3695 Lu·

222 3738 369 3824 percalia
386 3734 542 3799 obtulisse
561 3734 693 3797 Caesari
716 3754 777 3818 pro
792 3723 907 3798 rostris
922 3755 972 3798 se·

223 3841 334 3917 denti,
355 3852 389 3902 et
403 3834 562 3922 spectanti
581 3833 727 3899 diadema
747 3835 831 3898 lauri
849 3857 970 3901 corona

222 3955 432 4018 exornatum,
447 3953 480 4003 at
491 3939 655 4022 rejectum
673 3940 862 4016 aCsesare,
883 3939 972 4024 qnod

222 4045 368 4132 graviter
403 4042 492 4106 istud
524 4040 616 4105 ferre
645 4041 802 4125 populum
831 4041 972 4104 animad-

221 4148 333 4216 vertit.
395 4145 497 4230 Cujus
534 4157 668 4206 naturae
711 4142 859 4209 videatur
893 4141 971 4206 fuis-

222 4272 258 4315 se
281 4250 430 4314 diadema
452 4249 653 4323 laureatum,
676 4267 740 4330 quo
759 4265 967 4308 successores

221 4355 378 4420 Caesares
415 4350 595 4430 usi-sunt,
632 4347 885 4412 examinabimus
920 4347 969 4408 in-

1020 672 1099 738 -fra
1128 674 1163 736 in
1189 672 1295 738 numia
1323 671 1464 760 Augusti
1479 663 1672 740 'ad-anuum
1691 679 1733 747 Vss
1752 680 1794 745 C.

1046 777 1121 860 726.

1109 879 1213 962 Caput
1226 879 1390 956 astutum,
1408 875 1537 963 siguum
1554 884 1743 966 auguratus,
1761 896 1797 948 ut

1047 979 1171 1046 dictum
1191 1002 1289 1064 supra
1305 981 1365 1042 sub
1381 981 1539 1064 Augure,
1559 1003 1719 1069 quorsum
1735 985 1797 1052 eti·

1047 1106 1098 1148 am
1113 1083 1260 1168 pertinet
1277 1084 1396 1148 lituus.

1111 1188 1254 1250 Astrum
1281 1204 1512 1270 nonuunquam
1534 1185 1624 1270 juxta
1644 1189 1793 1253 Caesaris

1046 1301 1142 1378 caput
1165 1286 1315 1370 pouitan
1328 1285 1418 1372 quod
1430 1286 1519 1351 forte
1535 1287 1659 1353 iudicat
1672 1304 1794 1355 astrum

1043 1390 1186 1458 Veneris
1212 1388 1322 1452 matris
1346 1389 1498 1468 Aeneae,
1530 1404 1585 1455 aut
1609 1412 1732 1455 annum
1754 1393 1795 1458 sd

1043 1493 1122 1556 solis
1147 1512 1279 1555 cursum
1303 1490 1408 1574 aptius
1427 1506 1629 1558 revocatum.
1659 1495 1793 1571 Lunae,

1045 1614 1128 1679 quae
1153 1593 1232 1656 item
1257 1592 1344 1675 juxta
1365 1592 1434 1676 ejus
1450 1607 1546 1676 eaput
1563 1614 1794 1681 nonnunquam

1043 1695 1177 1773 visitur,
1216 1693 1342 1757 incerta
1370 1692 1580 1777 significatio,
1608 1696 1675 1760 nisi
1705 1698 1791 1764 forte

1042 1818 1164 1861 annum
1186 1814 1317 1882 quoque
1333 1808 1519 1860 correctum
1540 1796 1690 1882 respicit.

1286 1956 1550 2073 ‚eremita

1104 2101 1155 2166 ct
1187 2099 1348 2166 Beauvais
1378 2099 1413 2162 in
1446 2122 1550 2186 opere
1579 2122 1662 2183 suo,
1699 2106 1793 2191 quod

1039 2203 1192 2268 Histoire
1206 2202 1344 2286 ubregle
1356 2204 1414 2271 des
1429 2203 1629 2286 Empereurs
1639 2196 1791 2271 inscribi·

1038 2318 1109 2381 tur,
1147 2305 1284 2389 singulis
1308 2306 1543 2389 imperatorum
1567 2307 1643 2372 vitis
1665 2307 1707 2372 asi
1726 2310 1792 2373 cal·

1038 2429 1111 2472 cem
1132 2407 1253 2492 adjecit
1275 2429 1348 2471 suas
1366 2405 1412 2470 de
1433 2406 1609 2472 uulnerum
1636 2411 1791 2477 uniuscu-

1037 2508 1158 2595 jusque.
1174 2509 1315 2596 Augusti
1336 2509 1463 2594 praetio
1486 2511 1704 2594 conjecturas.
1744 2515 1791 2584 Vt

1036 2632 1108 2674 rem
1126 2627 1251 2696 gratam
1267 2611 1386 2676 secisse
1400 2612 1489 2678 visus
1503 2627 1554 2677 est
1571 2612 1630 2694 iis,
1646 2614 1705 2701 qai
1721 2615 1789 2682 col·
1829 2633 1838 2660 ⁸

1035 2714 1176 2798 ligendis
1199 2714 1305 2776 numia
1332 2714 1499 2779 veteribus
1533 2713 1610 2779 daut
1635 2736 1788 2802 operum,

1035 2836 1077 2878 ne
1101 2815 1140 2879 iis
1164 2816 1312 2880 moeniis
1337 2816 1369 2878 in
1392 2815 1542 2881 fraudem
1571 2816 1786 2898 inducantur,

1036 2917 1184 2983 dubitant
1206 2933 1315 2983 tamen
1339 2918 1491 3002 plurimi,
1517 2932 1629 2983 utrum
1655 2921 1785 2988 univer

1034 3020 1096 3084 sim
1115 3021 1186 3104 ejus
1205 3021 1328 3106 judicio
1346 3033 1417 3082 tuto
1436 3021 1514 3084 stari
1528 3021 1645 3105 possit.
1699 3025 1781 3088 Nam

1033 3123 1175 3207 primum
1198 3123 1378 3208 generatim
1400 3121 1567 3207 loquendo
1583 3122 1722 3188 nimium
1738 3127 1783 3191 ri·

1035 3223 1132 3286 detur
1149 3245 1264 3288 eorum
1283 3226 1378 3291 valor
1395 3236 1632 3308 exaggeratum
1662 3224 1781 3292 deinde

1033 3324 1155 3389 frustra
1171 3340 1238 3406 est,
1256 3349 1331 3392 eum
1351 3347 1540 3403 rumorum,
1564 3310 1709 3410 quornm⁴
1721 3350 1783 3414 per

1032 3429 1139 3491 omnia
1161 3431 1316 3514 Europae
1333 3449 1446 3493 musea
1467 3428 1619 3508 unicum,
1644 3439 1701 3497 aiat
1715 3432 1780 3498 sor·

1030 3543 1063 3592 te
1092 3529 1157 3593 duo
1185 3538 1309 3594 tantum
1343 3544 1470 3596 exstant
1501 3523 1681 3618 exempla,
1708 3554 1779 3600 cer·
1814 3541 1818 3546 '

1029 3645 1097 3694 tum
1124 3632 1195 3717 figit
1222 3633 1385 3716 pretium
1424 3618 1499 3698 cum
1527 3654 1558 3698 e.
1582 3655 1614 3701 e.
1642 3658 1786 3721 orreum

1029 3735 1205 3798 Pescennii
1221 3756 1372 3812 numum,
1391 3735 1577 3822 quinniens
1594 3750 1662 3815 est,
1694 3756 1777 3805 asco

1028 3836 1122 3898 libris
1149 3837 1283 3902 Gallicis
1308 3825 1464 3901 aestimat.
1498 3839 1776 3908 Poterate‘otsn
1835 3884 1837 3891 ·

1028 3939 1101 4023 jure
1127 3940 1197 4025 ejus
1220 3941 1366 4024 pretium
1392 3938 1494 4023 duplo
1519 3956 1663 4025 angere,
1703 3965 1779 4024 cum

1028 4061 1100 4120 res,
1140 4063 1222 4126 quae
1261 4043 1398 4126 pecunia
1436 4042 1549 4125 parari·
1573 4045 1782 4127 vulgonon

1028 4156 1182 4227 possunt,
1204 4144 1365 4229 quantivis
1387 4144 1452 4207 siut
1470 4143 1578 4229 pretii.
1606 4146 1693 4211 Mihi
1714 4149 1777 4215 ltoc

1025 4246 1101 4308 loco
1126 4245 1214 4308 aliud
1238 4247 1443 4332 propositum
1477 4266 1543 4334 non
1573 4261 1647 4327 est,
1663 4259 1775 4337 'quam

1026 4347 1060 4409 in
1083 4367 1208 4432 genere
1226 4349 1386 4415 lectorem
1406 4350 1546 4416 ramtatis
1563 4349 1702 4434 gruem
1714 4374 1778 4440 pro

96 4733 104 4743 -
257 4694 288 4764 a)
308 4683 396 4746 Diod.
413 4684 471 4740 Sic.
484 4682 517 4738 L.
531 4682 595 4742 XX.
613 4703 638 4741 c.
653 4691 697 4744 st.
789 4682 824 4754 b)
844 4680 1093 4754 L.XL111.§.43.
1187 4683 1218 4757 c)
1240 4683 1376 4758 Cap,79‚
1468 4681 1503 4756 d)
1522 4681 1719 4747 33110017011·
1737 4682 1784 4748 Hs

220 4789 322 4853 e.108·
415 4777 445 4846 e)
464 4775 496 4831 L.
509 4773 612 4837 XLIV.
626 4775 650 4847 l.
661 4787 688 4859 9.
762 4771 838 4847 Uin
853 4773 937 4834 Caes.
954 4782 983 4829 et
995 4772 1035 4828 tt.
1051 4775 1159 4832 Antou.
1267 4812 1271 4817 .
