4012 5370
218 456 289 533 256
739 444 975 519 vitonus
1003 443 1259 518 cunvmt.

221 619 249 680 is
272 638 338 681 non
355 615 537 691 dubitaret,
565 635 636 678 eum
653 613 715 677 sibi
729 616 770 680 V.
787 615 824 679 C.
846 614 908 678 don
930 615 965 676 in
1021 611 1099 675 dum
1129 610 1256 694 coeptis
1283 608 1351 675 sais
1376 610 1453 675 satis
1481 609 1651 695 provisum
1672 624 1767 691 esset,

223 718 461 782 matrimonium
494 716 697 790 adsciscere,
730 737 869 801 cumque
900 718 966 778 Ro-
1022 715 1191 778 Neronem
1236 736 1329 777 suum
1370 714 1606 799 imperatorem
1646 714 1767 799 populo

222 842 294 885 mue
312 819 353 883 ad
369 820 403 880 id
418 835 546 903 tempus
569 819 755 904 conjugium
772 817 877 902 patrui
892 838 967 881 cum
1024 814 1167 878 ostendit
1189 816 1372 897 VrC.8o7.
1407 818 1482 880 Nun
1501 815 1670 900 ingratum
1685 816 1769 901 priss-

222 936 321 1006 nepte
342 909 503 985 inceatum
529 918 706 985 baberetur
729 922 861 985 nemine
880 918 968 983 istud
1024 917 1112 1001 cipio
1141 930 1278 1000 experta
1307 933 1357 981 est
1378 917 1500 998 lilium3
1520 940 1598 1005 nam
1626 938 1767 983 summae

222 1025 327 1089 adhuc
349 1037 507 1088 attentare
527 1044 621 1100 auso,
651 1022 839 1099 decretum,
869 1034 905 1083 ut
922 1021 970 1102 ju·
1026 1019 1170 1083 omnium
1183 1038 1296 1083 rerum
1313 1018 1534 1103 publicarum,
1562 1019 1769 1104 paintarum·

222 1138 290 1188 stae
309 1124 467 1207 deinceps
487 1124 574 1187 inter
595 1139 746 1208 patruos,
766 1126 971 1208 fratrumque
1025 1141 1091 1206 que
1118 1120 1235 1205 palam·
1248 1121 1412 1205 praefuit,
1441 1134 1477 1185 et
1494 1123 1678 1196 ‚mansisset
1706 1120 1770 1185 diss·

223 1226 306 1292 iilius
321 1227 451 1308 nuptiae
468 1238 578 1288 essent
602 1230 641 1307 ¹).
671 1229 851 1289 Decretum
873 1226 971 1288 etium
1026 1223 1090 1286 tius
1109 1218 1143 1284 i'u
1164 1242 1207 1285 eo
1223 1222 1370 1307 fastigio,
1396 1222 1425 1285 si
1445 1222 1615 1287 moderari
1639 1222 1719 1301 sibi,
1738 1236 1771 1287 et

225 1352 244 1393 s
276 1341 405 1404 senatu,
444 1340 481 1388 ut
497 1310 664 1409 ¹carpento
691 1327 726 1387 in
757 1324 843 1388 ludis
873 1325 971 1389 vehe-
1028 1323 1233 1387 dissimulare
1263 1324 1442 1408 juvenilem
1467 1323 1530 1387 lilii
1551 1324 1770 1410 impotentis·

224 1442 318 1513 retur
338 1427 383 1510 h).
415 1410 552 1491 Additus
572 1448 656 1492 anno
673 1440 832 1512 sequente
854 1427 973 1509 Augu·
1030 1425 1196 1491 valuisset.
1237 1426 1281 1486 At
1304 1426 1390 1489 enim
1415 1446 1489 1489 enm
1516 1426 1770 1511 anno·prosims

224 1542 298 1593 stae
321 1529 434 1592 titulus
458 1532 498 1609 e).
543 1529 592 1591 Au
616 1530 649 1591 id
672 1529 835 1611 fastigium
859 1542 973 1594 erecta
1031 1540 1190 1610 aequente
1223 1528 1370 1592 auveriae
1399 1528 1449 1590 illi
1474 1548 1607 1591 amores
1643 1528 1773 1597 libem

227 1630 406 1714 Agrippina
436 1631 550 1695 altiora
583 1632 693 1715 coepit
723 1631 850 1707 moliri,
882 1628 974 1691 indu·
1031 1629 1132 1691 Actes
1166 1628 1401 1712 exprobraret,
1446 1651 1557 1717 neque
1603 1629 1774 1713 objurgare

227 1732 338 1814 sitque
358 1734 522 1809 maritum,
553 1745 589 1793 ut
615 1732 855 1796 L..Dosnitium
880 1752 974 1795 suum
1031 1750 1092 1813 pro
1118 1743 1268 1794 materno
1290 1730 1364 1813 jure
1388 1728 1573 1810 desineret,
1605 1732 1679 1815 ejus
1699 1753 1719 1797 s
1738 1748 1773 1795 se

226 1854 267 1897 ex
312 1834 419 1918 primo
466 1835 582 1897 marito
620 1833 742 1911 filium,
785 1834 973 1919 adoptaret,
1032 1832 1172 1896 animam
1201 1832 1296 1912 plane
1322 1826 1451 1897 a'rertit.
1495 1836 1583 1897 Tum
1608 1852 1692 1901 sero
1715 1844 1775 1897 ter·
1814 1840 1823 1845 '

225 1956 334 2020 neque
357 1951 469 2020 postea
492 1936 607 2013 desiit,
634 1936 858 2001 Britannicum
881 1937 975 1999 Clau·
1031 1933 1112 2011 rita,
1153 1952 1228 1997 nam
1255 1934 1389 2018 longius
1417 1946 1474 2011 se,
1512 1954 1613 2019 qaam
1639 1934 1773 2013 volebat,

227 2036 272 2100 dii
287 2036 405 2117 filium,
435 2039 492 2123 qui
516 2059 599 2101 uuus
618 2039 744 2101 Neroni
766 2058 825 2101 suo
850 2057 913 2121 per
927 2036 976 2120 ip·
1031 2054 1243 2119 progressam
1262 2033 1362 2115 vidit,
1393 2049 1429 2101 et
1449 2036 1539 2122 quod
1561 2035 1706 2103 maxime
1721 2036 1775 2101 do·

225 2158 278 2201 sos
299 2140 584 2216 natales-obstitit,
610 2140 699 2201 omni
727 2138 897 2203 atrocitate
922 2156 976 2199 ve·
1033 2136 1138 2212 lebat,
1181 2139 1361 2222 potentiam
1399 2138 1623 2217 imminutam,
1667 2138 1773 2224 eoepit

228 2262 316 2303 aare.
353 2243 429 2303 Huc
440 2240 588 2305 ‚accessit
605 2240 778 2303 aemulatio
793 2237 974 2314 muliebris,
1031 2260 1193 2305 converso
1219 2240 1328 2302 studio
1346 2239 1495 2303 omnibus
1511 2242 1549 2304 in
1566 2240 1670 2305 rebus
1687 2240 1776 2306 obss·

228 2362 289 2424 qua
306 2343 426 2418 exilio,
453 2357 507 2405 aut
534 2356 641 2405 morte
660 2341 808 2405 multavit
829 2340 974 2403 illustres
1033 2341 1089 2425 qui
1105 2339 1175 2405 filiu
1199 2340 1283 2405 adeo
1301 2342 1391 2404 omni
1413 2339 1542 2425 pudore
1567 2340 1719 2427 abjecto,
1742 2355 1776 2405 stt

230 2441 385 2519 seminas,
424 2464 501 2527 quaa
532 2456 588 2506 aut
618 2442 737 2505 laetior
766 2442 888 2519 forms,
920 2454 975 2505 aut
1033 2442 1207 2527 aliquoties
1230 2443 1415 2507 meretricis
1438 2442 1529 2507 uultu
1551 2444 1627 2527 ejus
1651 2458 1775 2530 turp·

228 2543 397 2616 natalium,
424 2545 554 2608 claritas
598 2543 883 2621 commendabant,
931 2556 977 2606 at·
1034 2543 1777 2628 libidinemreclamantenaturasolicitaret⁸).

230 2666 295 2729 que
336 2646 521 2728 arrogantia
557 2645 630 2729 plus
669 2666 763 2729 quum
803 2644 977 2708 mulierem
1035 2648 1106 2711 Hae
1128 2658 1217 2712 artes
1243 2666 1319 2711 cum
1342 2646 1505 2712 incassum
1528 2646 1707 2725 oederent,
1727 2666 1777 2713 ex·

232 2748 378 2810 deceret.
404 2748 488 2809 Nam
510 2747 598 2832 qaod
614 2746 792 2829 inauditum
809 2746 977 2824 haetenus,
1035 2768 1119 2812 uere
1155 2762 1224 2811 tum
1263 2768 1393 2813 omnem
1429 2748 1714 2828 moderationem,
1747 2762 1778 2815 et

229 2847 299 2929 ipsa
331 2847 364 2908 in
404 2862 561 2932 suggestu
594 2849 770 2933 conspicua
799 2848 894 2912 solita
928 2861 980 2915 eat
1037 2849 1216 2914 transferre
1244 2848 1408 2915 adfectum
1435 2852 1543 2935 palam
1567 2852 1604 2915 in
1625 2852 1781 2917 Britanni·

234 2949 424 3032 praesidere
440 2950 540 3034 signis
558 2950 731 3026 Romanis,
748 2962 782 3013 et
801 2951 915 3016 audire
933 2953 980 3016 le·
1037 2971 1139 3027 cum,
1167 2951 1302 3035 adjectis
1324 2970 1392 3015 nott
1417 2950 1561 3017 obscure
1584 2938 1698 3031 minis,
1726 2954 1780 3017 its·

235 3063 326 3129 gatos
359 3071 476 3133 regum
498 3049 542 3131 d).
584 3051 736 3115 Advertit
764 3072 803 3115 ea
832 3054 980 3117 mulieris
1037 3074 1108 3116 rum
1125 3054 1160 3115 in
1182 3066 1303 3130 casus,
1325 3064 1360 3116 et
1380 3051 1558 3137 imperium
1583 3056 1656 3119 lilio
1681 3066 1779 3119 exter·

236 3151 426 3233 impotentia
447 3152 551 3234 ipsum
579 3152 677 3217 etiam
696 3152 870 3217 socordem
888 3157 982 3218 Clau·
1038 3167 1153 3218 turam.
1196 3155 1258 3217 His
1292 3167 1474 3219 commotus
1502 3156 1599 3219 Nero
1625 3156 1777 3223 Britanni·

237 3248 282 3308 ulii
310 3249 467 3335 animum,
497 3252 711 3337 prorupitque
734 3254 907 3339 aliquando
936 3269 983 3320 te·
1040 3236 1259 3321 cum'seneno
1284 3274 1303 3320 e
1326 3254 1435 3320 medio
1455 3256 1533 3321 tolit
1558 3257 1598 3341 ¹).
1621 3256 1696 3352 Qua
1712 3278 1776 3324 ese·

237 3351 398 3413 mulentus
424 3352 457 3414 in
484 3353 672 3437 querelem,
702 3354 804 3419 fatale
827 3356 908 3432 sibi,
946 3371 983 3420 ut
1040 3355 1082 3421 de
1109 3356 1213 3440 magis
1238 3356 1301 3439 jam
1328 3356 1465 3422 efferata
1489 3357 1694 3445 Agrippina,
1722 3380 1780 3424 ass·

235 3452 408 3535 conjugum
438 3452 559 3538 flagitia
584 3454 709 3531 ferret,
734 3457 809 3519 dein
837 3455 980 3540 puniret.
1039 3459 1155 3544 gitque
1190 3456 1296 3525 indies
1329 3459 1440 3527 verbis
1475 3460 1587 3525 minax
1614 3462 1777 3529 ridebatur

235 3555 375 3637 Excepit
391 3576 463 3617 eum
487 3576 600 3619 rocem
616 3555 812 3639 Agrippina,
843 3577 981 3643 eumque
1039 3560 1223 3644 peruiciosa
1267 3561 1301 3623 in
1338 3559 1442 3625 lilium
1490 3562 1603 3627 moliri
1641 3562 1777 3629 consilis.

216 3652 368 3716 ‘timeret
385 3656 598 3735 Neroniano,
618 3679 661 3722 ne
678 3679 740 3741 per
757 3658 873 3722 iratum
888 3658 981 3723 Clun-
1041 3660 1138 3752 Quod
1154 3681 1228 3725 cum
1245 3674 1408 3727 metueret
1428 3664 1542 3741 Nero,
1566 3664 1779 3748 minu-m

235 3752 324 3814 alium
357 3756 488 3838 imperii
519 3780 578 3842 ape
604 3759 773 3824 excideret
800 3762 890 3838 (nam
912 3775 981 3825 tum
1038 3763 1082 3824 tri
1114 3763 1271 3828 militares
1299 3763 1453 3831 excubias
1482 3763 1615 3845 adimit,
1649 3764 1778 3832 subinde

238 3857 378 3918 maxime
405 3857 563 3922 Claudius
585 3859 693 3924 taedio
717 3863 829 3926 uxoris
854 3864 981 3948 paterni
1039 3884 1080 3929 ex
1107 3864 1226 3950 palatio
1253 3864 1409 3930 aliorsum
1439 3858 1630 3931 translatam
1655 3866 1697 3931 ad
1721 3864 1779 3949 pti·

239 3955 272 4017 in
300 3954 521 4022 Britannicum
547 3959 693 4024 adiectus
713 3961 832 4027 indicia
848 3965 982 4029 manife-
1039 3979 1144 4031 ratum
1185 3966 1283 4031 vitam
1325 3966 1461 4052 redigit.
1519 3968 1671 4034 Tandem
1709 3986 1778 4033 ests

239 4058 349 4138 sterit)
379 4058 552 4125 observato
583 4074 751 4145 tempore,
782 4085 848 4148 quo
882 4070 983 4151 aegei·
1039 4068 1130 4130 Nero
1166 4087 1278 4130 amore
1308 4070 1481 4153 Poppaeae
1505 4068 1650 4135 sabinas
1666 4068 1782 4145 ‚inussi-

239 4159 434 4239 deeuberat,
471 4163 543 4246 ejus
575 4176 714 4225 mortem
737 4165 899 4259 medicato
927 4167 984 4230 bo·
1040 4181 1116 4243 ret,
1141 4181 1239 4253 atque
1262 4168 1344 4233 baec
1367 4170 1519 4237 omnibus
1540 4171 1650 4236 modis
1671 4171 1782 4255 Agrip·

239 4266 311 4327 leto
337 4263 526 4341 maturarit,
563 4283 667 4349 eaque
704 4265 826 4328 tamdiu
864 4267 983 4345 celata,
1042 4262 1138 4350 pines
1161 4262 1284 4334 secem'
1299 4271 1471 4349 suaderet,
1497 4290 1585 4337 ausu
1613 4274 1655 4343 V.
1673 4272 1781 4337 G.8ss

279 4486 310 4555 a)
330 4485 399 4541 Tac.
416 4488 491 4541 dnn.
502 4487 565 4544 ΧΠ.
577 4500 602 4550 5.
620 4506 682 4563 seq.
700 4488 822 4545 Sueten.
835 4490 865 4543 in
882 4488 988 4547 Claud.
1004 4510 1028 4548 e.
1040 4495 1086 4556 ιθ.
1213 4491 1250 4565 b)
1269 4492 1326 4550 Dio
1340 4494 1373 4553 1..
1384 4494 1443 4555 LX.
1458 4494 1541 4567 §.a
1667 4498 1699 4571 e)
1716 4496 1782 4555 Tse.

243 4574 319 4630 Auo.
334 4574 397 4631 ΧΠ.
407 4580 451 4639 ιό.
585 4577 618 4649 ἀ)
637 4578 708 4638 Tae.
725 4578 799 4634 Αιιιι.
809 4577 874 4635 xtl.
885 4591 930 4643 57.
1069 4580 1101 4654 s)
1119 4582 1190 4641 Tse.
1202 4582 1365 4643 domm.
1377 4596 1419 4650 to.
1432 4580 1551 4647 esxtv.
1560 4596 1590 4649 2.
1604 4586 1661 4643 llio
1673 4588 1707 4643 1..
1714 4582 1781 4644 nt.

243 4664 267 4732 i.
279 4676 321 4721 tt.
340 4662 444 4721 Victor
457 4665 486 4719 in
503 4666 602 4722 Csess.
682 4670 708 4736 l)
729 4666 799 4725 Tuc.
813 4667 891 4727 xttl.
904 4681 934 4729 tt
950 4688 1011 4745 seq.
