4012 5370
216 465 289 534 aaa
828 447 1140 521 TRAIANVS.

220 624 348 697 lianas,
377 619 647 704 quemadmodum
662 620 835 702 leianas,
853 633 887 682 et
896 620 966 683 Aa·
1019 632 1073 682 ter
1094 619 1159 681 hoc
1180 615 1313 681 ordinet
1345 616 1563 685 ruamtto.
1586 615 1762 686 orme.

221 726 334 787 Panna
351 722 502 788 vidimus.
529 725 654 791 Verum
675 720 731 785 abi
753 720 900 806 gentium
925 721 967 782 si·
1021 718 1125 789 AVG.
1140 720 1256 804 Neque
1269 718 1304 781 iu
1316 718 1424 781 numia
1441 718 1492 783 sic
1505 718 1677 807 insumptis
1687 742 1764 787 com·

219 839 272 889 tae
309 823 452 899 fuerint,
494 825 658 889 reticente
695 823 830 909 patriam
865 843 965 885 numo
1020 834 1139 907 parcnt
1159 820 1297 905 amplius
1318 833 1432 887 vetera
1450 822 1652 887 consulatue
1664 824 1707 895 Υ.
1724 846 1766 889 ar·

221 927 420 1011 ignoramus.
465 923 501 987 si
533 925 620 989 huuc
657 946 790 989 numum
823 925 966 1009 pertinc-
1021 936 1178 1008 gemente
1193 920 1423 999 historica,ut:
1446 922 1632 989 Alimenta
1642 926 1765 1002 Italiae,

219 1048 258 1092 re
284 1027 326 1091 nd
347 1026 559 1091 Aurelianum
581 1026 717 1088 dixisset
737 1027 780 1090 cl.
795 1026 967 1089 Pinltertn-
1023 1028 1128 1107 Aqua
1151 1026 1316 1103 Trajanc,
1333 1022 1474 1087 Arabia
1491 1026 1691 1107 adquisita,
1710 1030 1767 1093 Via

220 1152 299 1208 nus,
330 1144 442 1214 posset
470 1128 609 1191 sertasae
631 1128 795 1211 permitti,
825 1143 856 1193 at
878 1126 966 1213 quod
1027 1128 1180 1205 Traiana.

218 1231 309 1293 idem
326 1229 472 1293 laudatos
495 1250 591 1311 supra
611 1250 727 1293 numos
746 1250 820 1293 cum
839 1231 967 1313 epigru·
1065 1228 1177 1290 Tertia
1193 1224 1235 1290 ad
1252 1226 1380 1310 priores
1395 1225 1510 1291 titulos
1530 1226 1628 1293 addit
1642 1228 1768 1297 rotabu-

218 1332 286 1413 phe
310 1331 451 1394 rlletalli
474 1329 613 1411 leinni
637 1333 840 1406 Pannonici,
868 1329 968 1396 Nori·
1020 1331 1091 1393 lum
1113 1328 1360 1405 Panrfltc0,
1385 1328 1433 1391 tic
1459 1343 1496 1393 ut
1514 1344 1599 1415 post
1624 1330 1769 1397 vocabule

219 1436 265 1507 ci,
285 1444 319 1494 et
337 1432 523 1493 Delmatici
537 1428 578 1491 ad
595 1430 735 1494 eundem
752 1429 965 1493 Aurelianum
1025 1430 1223 1494 TRAIANO
1238 1428 1423 1495 OPTIMO.
1437 1430 1546 1499 ΔΥΕ.
1561 1430 1669 1497 GER.
1681 1434 1769 1495 Dic.

220 1533 326 1595 refert
341 1541 384 1609 ¹),
408 1530 493 1593 istud
515 1530 683 1598 enimuero
704 1530 899 1596 incredibile
922 1532 965 1597 vi·
1023 1533 1175 1617 proxime
1197 1532 1350 1616 jungetur
1372 1530 1512 1595 verbum
1531 1532 1768 1609 PARTHIGO,

221 1633 347 1697 dentur.
1023 1634 1088 1697 uisi
1105 1654 1180 1697 cum
1196 1633 1230 1694 iu
1246 1653 1394 1697 aversam
1409 1632 1591 1716 trajicitur.

1065 1737 1118 1797 Ex
1141 1733 1293 1799 adcurate
1316 1732 1377 1798 hac
1404 1730 1768 1821 descripticue'saaptt
1795 1790 1798 1801 .

1024 1836 1163 1922 patescit
1199 1836 1337 1919 triplicis
1371 1832 1509 1897 rationis
1548 1834 1768 1921 inscriptiones

1025 1941 1069 2002 ita
1103 1936 1165 2000 sibi
1197 1936 1408 2012 successisse,
1440 1948 1480 1999 ut
1508 1956 1578 2001 una
1607 1938 1652 2001 alt
1681 1938 1768 2003 altera

221 2060 287 2117 arta
304 2040 482 2121 probatur,
511 2042 648 2102 titulum
673 2040 856 2104 OPTIMO
880 2059 967 2101 anno
1025 2038 1127 2103 inerit
1141 2050 1283 2103 extrusa.
1313 2040 1395 2101 Nam
1414 2058 1459 2101 ex
1479 2057 1550 2122 quo
1570 2040 1714 2103 secunde
1730 2060 1767 2103 rr·

221 2143 350 2203 demunt
369 2144 406 2203 V
403 2184 411 2198 .
428 2141 463 2205 0.
484 2140 546 2219 867
555 2144 671 2225 fuisse
689 2160 862 2203 numeram
880 2143 969 2203 anti·
1025 2141 1072 2205 tie
1097 2139 1252 2214 invaluit,
1294 2138 1386 2222 eujus
1420 2150 1567 2203 aetatem
1599 2162 1680 2205 mox
1706 2162 1767 2227 pso

470 2262 528 2303 cae
546 2246 720 2305 insertam.
1025 2244 1100 2327 pius
1117 2240 1321 2319 definiemus,
1334 2240 1428 2322 prior
1443 2242 1478 2301 in
1496 2262 1564 2303 usu
1583 2262 1661 2305 esse
1677 2240 1766 2315 desiit.

1027 2358 1062 2409 et
1089 2364 1163 2407 cnm
1191 2342 1294 2406 semel
1322 2340 1522 2405 vocabulum
1551 2340 1765 2407 Pnnrfflco

265 2446 349 2505 Tres
365 2456 439 2505 sunt
455 2442 562 2506 variae
578 2442 732 2518 rationes,
747 2442 863 2525 quibus
879 2444 969 2504 numi
1028 2444 1178 2509 adhiberi
1205 2454 1360 2527 caeptum
1387 2455 1456 2520 eat,
1483 2441 1573 2507 illud
1594 2458 1764 2511 commutet

223 2544 355 2626 Trajani
371 2543 406 2604 in
422 2543 591 2606 consulatu
606 2545 681 2619 vl..
708 2542 762 2626 qui
785 2546 816 2604 in
841 2557 968 2606 sextum
1026 2548 1061 2608 in
1095 2545 1201 2609 numia
1231 2556 1397 2609 retentum
1424 2544 1501 2611 fuit.
1549 2547 1641 2613 Sana
1674 2546 1762 2620 numi,

222 2662 339 2708 annum
356 2643 554 2730 porrigitur,
577 2643 696 2727 signati
712 2644 947 2713 inscribuntur.
1027 2669 1109 2733 quos
1136 2646 1224 2710 haud
1253 2643 1352 2709 dubie
1382 2658 1512 2711 constat
1541 2640 1659 2733 p'rimit
1683 2648 1761 2731 huju

263 2748 374 2811 Prima
397 2746 496 2809 offert
517 2746 763 2830 inscriptionem
780 2748 910 2832 capitis,
935 2761 969 2810 ct
1026 2748 1176 2813 sexennii
1213 2748 1304 2811 annia
1332 2746 1435 2811 initae
1463 2748 1638 2833 signatos,
1675 2748 1759 2815 verit

222 2851 362 2934 partium
386 2868 574 2914 aversarum
600 2848 756 2927 eandem,
785 2869 867 2934 quac
895 2850 969 2911 hac·
1027 2848 1201 2915 OPTIMO
1223 2850 1257 2911 in
1278 2848 1383 2913 antica
1403 2848 1589 2931 abstinent,
1618 2850 1699 2915 illud
1720 2868 1759 2913 rt·

222 2966 318 3015 tenue
343 2952 377 3013 in
395 2951 501 3013 numia
522 2953 708 3014 consulatus
722 2954 764 3017 V.
778 2951 897 3026 valuit,
922 2950 970 3011 ni-
1026 2952 1150 3036 cipiuat
1168 2950 1211 3029 ii,
1236 2971 1318 3037 qnos
1344 2964 1475 3036 tempus
1502 2953 1653 3019 medinm
1673 2950 1758 3027 cedit.

223 3054 361 3117 mirum:
391 3054 479 3116 IIIIP.
506 3052 715 3119 TRAIANO.
740 3052 843 3118 Ave.
867 3052 967 3116 GER.
1026 3067 1061 3117 et
1097 3054 1131 3114 in
1166 3054 1274 3116 numia
1308 3052 1415 3116 ultimi
1448 3054 1588 3119 triennii
1622 3046 1758 3121 aditam

221 3156 323 3218 Dae.
355 3167 417 3216 etc.
448 3154 483 3212 in
513 3154 585 3219 AV.
612 3168 646 3216 et
673 3155 742 3213 Ali.
771 3152 843 3216 velt
877 3155 966 3217 IMP.
1025 3154 1219 3219 vocabulum
1239 3152 1477 3219 PARTHICO.
1523 3158 1675 3243 Egregie
1697 3174 1755 3221 tun

225 3254 348 3319 CAES.
384 3254 580 3329 NERVAE.
619 3253 828 3318 TRAIANO.
864 3254 968 3322 AI'G.
1025 3257 1131 3319 numia
1169 3256 1355 3339 conspirant
1391 3278 1576 3337 marmure,
1618 3274 1757 3347 quaem

319 1882 798 1959 ANIMADVERSIO
840 1887 870 1950 Ι.

224 3355 326 3417 GER.
348 3354 448 3418 Dte.
471 3368 533 3419 etc.
559 3355 593 3415 in
615 3356 704 3433 AE„
736 3368 770 3419 et
795 3354 829 3415 in
855 3378 970 3420 avorsa
1026 3379 1091 3443 quc
1116 3371 1191 3421 sunt
1213 3355 1412 3424 indubitatae
1440 3360 1542 3441 Iidei,
1577 3370 1756 3449 quatiente

224 3458 305 3519 item
318 3478 394 3520 raro
408 3456 567 3520 omittitur
580 3456 739 3521 formulae
760 3457 795 3521 S.
812 3458 849 3523 P.
869 3458 909 3551 Q.
926 3460 969 3525 lt.
1026 3460 1129 3545 magis
1150 3473 1356 3544 praesentem
1373 3460 1633 3545 disputationem
1650 3456 1756 3547 jum.

225 3557 414 3625 OPTIMO.
441 3560 639 3625 PRINCIPI.
678 3563 845 3645 Typorum
875 3559 972 3623 etiem
1029 3574 1150 3647 quanto
1173 3560 1360 3645 diligentius
1382 3562 1459 3625 trib.
1474 3564 1647 3651 potestatis
1664 3580 1758 3631 nume·

226 3674 416 3745 argumenta
439 3661 634 3746 plerumque
661 3676 736 3724 stunt
763 3660 895 3738 eadem,
925 3662 971 3725 sic
1028 3684 1103 3727 rum
1121 3661 1262 3743 addunt,
1284 3684 1349 3749 que
1367 3665 1502 3747 Traiani
1518 3668 1613 3733 numi
1634 3668 1758 3752 plemn-

225 3776 263 3825 nt
293 3763 381 3825 inter
407 3762 576 3847 utriusque
605 3762 737 3846 generis
771 3784 888 3826 numos
917 3764 971 3828 rix
1028 3785 1093 3847 que
1110 3763 1284 3830 abstinent.
1361 3786 1365 3793 ·

225 3864 314 3926 aliud
328 3863 503 3927 diterimen
518 3865 723 3939 observetur,
736 3865 798 3927 nisi
810 3866 898 3950 quod
909 3884 971 3947 pra
1069 3866 1130 3929 llis
1158 3865 1340 3931 constitutis
1367 3866 1605 3951 inquirentium
1633 3884 1757 3955 tempu.

228 3967 323 4030 COS.
342 3967 384 4033 V.
402 3967 531 4049 legatur
547 3966 641 4029 COS.
657 3966 713 4030 vt.
1030 3990 1095 4053 quo
1120 3967 1279 4051 Trajanus
1301 3965 1498 4033 rotabulum
1525 3972 1695 4037 OPTIIIO
1716 3988 1757 4031 re·

269 4064 421 4132 Secunda
452 4086 493 4130 eo
523 4088 541 4129 a
571 4067 686 4150 priore
717 4066 845 4143 differt,
883 4065 970 4151 qnod
1029 4068 1127 4154 liquit
1148 4069 1252 4132 titulis
1273 4068 1464 4135 adscribere
1491 4074 1615 4159 eoepit.
1648 4078 1681 4139 Iu
1702 4067 1757 4155 cpi·

226 4170 401 4233 formulam
418 4168 602 4233 OPTIMO.
618 4169 805 4231 PRINCIPI
825 4170 859 4231 in
880 4189 972 4239 aror-
1030 4184 1209 4256 grammato
1236 4170 1409 4237 columnae
1426 4175 1589 4257 Traiani,
1618 4172 1700 4263 qnod
1719 4185 1756 4233 to

228 4296 263 4335 aa
288 4270 426 4348 omittit,
454 4284 488 4335 et
514 4270 707 4335 vocabulum
738 4269 912 4333 OPTIMO
938 4270 972 4330 in
1030 4286 1098 4335 tum
1110 4269 1151 4335 ad
1164 4294 1284 4335 annum
1296 4274 1380 4342 Μ
1407 4274 1472 4339 866
1487 4274 1659 4361 descripti,
1673 4270 1756 4361 quotl-

137 4364 140 4369 ’
230 4374 366 4436 anticam
393 4371 549 4451 admittit,
578 4386 613 4435 et
636 4391 709 4435 cum
733 4369 870 4454 reliquis
894 4373 974 4433 Tra·
1031 4394 1094 4457 quc
1127 4372 1202 4438 trib.
1229 4388 1427 4457 potestatem
1457 4377 1562 4445 xvii.
1593 4377 1753 4465 eloquitur.

230 4475 296 4554 jani
316 4475 417 4537 titulis
442 4476 573 4551 miscet,
611 4474 797 4558 legiturque
826 4487 972 4536 constan·
1028 4474 1057 4537 ia
1074 4474 1187 4538 titulus
1207 4476 1295 4540 inter
1315 4476 1609 4565 reliquoaTrajarii
1630 4478 1753 4545 henum

269 4666 300 4732 a)
320 4663 411 4740 ΕΜ]
428 4650 593 4721 on'medals
609 4664 675 4724 Vol.
694 4666 716 4720 I.
733 4684 761 4739 p.
773 4674 835 4727 tvi.
