3998 5340
216 460 288 527 no
793 433 1169 511 nannrauvs.

216 621 411 680 strumenta,
450 624 533 691 quae
559 618 696 688 utraque
722 624 818 666 manu
845 616 960 688 gestat,
1011 606 1143 668 iconem
1167 581 1267 665 ta'sta
1290 592 1453 688 corpsotiit.
1474 604 1546 673 ΑΕ.
1568 624 1656 671 nux.
1677 604 1765 671 mod.

215 727 287 776 tuto
310 709 440 772 deliniri
457 706 579 791 nequit.
634 706 738 791 Magis
760 705 885 769 laborat
906 727 961 770 es·
1017 709 1118 788 (blus.
1132 706 1283 787 Parnes.)

216 813 349 900 plicatio
378 810 569 885 Vaillnntii,
612 808 693 892 qui,
736 810 824 894 quod
855 809 960 892 ligura
1058 806 1258 879 Hadrianum
1282 821 1416 871 renatus
1438 804 1541 872 inisse
1567 806 1765 873 studiosissi-

214 929 302 979 stans
325 913 357 978 d.
376 926 486 990 tenet,
526 910 655 974 antliam
680 907 777 988 dicit,
815 933 878 996 qua
895 912 961 972 lda-
994 930 1123 989 ¹mum,
1152 909 1185 969 iu
1209 909 1279 991 ejus
1295 910 1380 975 ritae
1395 909 1594 995 compendio
1610 910 1763 977 diximus.

215 1015 347 1079 drianus
364 1015 469 1078 lacum
481 1013 642 1076 Fucinum
665 1011 850 1077 exsiccavit.
882 1011 960 1075 Om·
1015 1011 1065 1072 Ea
1085 1022 1194 1073 autem
1215 1010 1276 1072 fuit
1297 1032 1358 1095 per
1380 998 1537 1092 miiitum,
1578 1032 1617 1077 sc
1640 1012 1764 1075 diutur-

215 1116 269 1180 nia
297 1116 330 1177 in
352 1118 416 1179 hoc
437 1115 558 1200 judicio
580 1126 800 1197 praepostera.
854 1111 961 1203 Quae·
1016 1133 1092 1174 num
1123 1132 1217 1173 usum
1245 1111 1460 1190 dexteritate,
1502 1126 1680 1199 stuprum
1701 1134 1765 1177 ms·

214 1217 475 1300 riturprimum,
509 1230 615 1279 utrum
632 1215 721 1276 lacus
744 1228 850 1278 tantae
869 1234 961 1297 capa·
1016 1212 1137 1275 ximum
1159 1233 1224 1275 uno
1252 1214 1319 1277 ictu
1347 1212 1535 1281 conficeret.
1588 1219 1626 1279 ln
1650 1217 1763 1300 ldysia.

215 1319 344 1396 citatis,
380 1333 414 1381 et
442 1338 505 1401 per
531 1338 685 1401 aquarum
713 1319 834 1378 molem
861 1336 959 1399 saepe
1016 1314 1085 1378 sive
1105 1314 1272 1396 Bithynia,
1294 1335 1360 1400 quo
1379 1316 1620 1382 loco-feliciter
1641 1332 1691 1381 est
1712 1338 1765 1381 se·

213 1419 329 1485 ticinis
351 1419 523 1482 damnosus
549 1417 669 1480 adactis
691 1417 798 1480 antliis
816 1416 960 1501 potuerit
1016 1431 1135 1491 natus,
1164 1429 1197 1478 et
1218 1438 1325 1478 ursam
1348 1418 1491 1496 occidit,
1522 1418 1681 1504 oppidum
1701 1421 1765 1482 Rs·

214 1520 347 1604 egeri?-
380 1519 509 1582 Deinde
537 1538 609 1581 cum
639 1517 826 1604 Spartianus
857 1518 959 1582 ‹licats
1018 1517 1255 1594 drianotboras,
1269 1518 1437 1583 Hadriani
1450 1525 1766 1599 venenosemmas·

214 1624 378 1687 Fucinum
404 1624 513 1684 lucum
544 1623 681 1697 emisit,
718 1620 793 1683 satis
816 1631 959 1704 apparet,
1018 1619 1111 1685 didit.
1148 1620 1277 1704 Equus,
1315 1620 1369 1682 cui
1394 1620 1429 1682 in
1457 1637 1636 1705 praesente
1665 1644 1764 1687 numo

213 1722 419 1786 Hadrianum
449 1721 566 1784 codem
590 1721 688 1784 modo
719 1742 800 1804 opus
829 1743 962 1805 aggres·
1017 1710 1156 1799 insidet,
1179 1721 1265 1783 forte
1290 1734 1341 1809 est
1362 1722 1482 1786 nobilis
1505 1725 1565 1787 ille
1587 1725 1765 1807 Borysthe-

216 1848 307 1902 sum,
336 1845 403 1909 quo
425 1824 502 1887 olim
525 1824 711 1897 Claudium,
742 1823 797 1907 qui
819 1822 960 1885 eundem
1017 1846 1093 1901 nos,
1134 1843 1199 1907 quo
1227 1822 1261 1883 in
1295 1823 1526 1887 venationibus·
1552 1825 1601 1887 uti
1627 1824 1763 1904 solebst,

214 1929 320 1992 lacum
344 1926 465 1990 effosso
492 1939 628 2002 monte,
671 1938 705 1988 et
732 1924 830 1987 ducto
856 1925 961 1988 canali
1017 1928 1134 2012 cuique
1162 1937 1292 1988 mortuo
1308 1940 1552 1989 monumentum
1571 1926 1764 2005 sedilicsrit,

214 2032 346 2106 emisit,
370 2042 405 2090 ut
426 2029 469 2091 ait
489 2027 662 2091 Suetonius
680 2038 718 2102 ¹).
746 2025 820 2109 Ope
843 2026 960 2088 autliac
1017 2028 1188 2113 erexitque
1210 2027 1342 2110 cippum
1367 2027 1439 2112 ejus
1459 2028 1577 2092 landes
1605 2030 1765 2115 epigram·

215 2153 314 2216 aquas
335 2151 400 2193 non
418 2130 611 2206 emittimus,
634 2127 693 2189 scd
713 2128 901 2203 haurimus,
917 2141 957 2190 at·
1017 2145 1102 2194 mate
1123 2124 1344 2214 eloquentem.
1405 2128 1504 2222 Quod
1526 2132 1764 2218 seropropiss

214 2233 379 2307 tollimus,
411 2233 565 2315 sugimus.
611 2231 762 2314 Denique
785 2229 868 2292 hanc
890 2230 960 2312 ejus
1017 2231 1361 2314 adnumipraesentis
1381 2244 1495 2315 typum
1517 2232 1684 2316 pertinet,
1706 2246 1765 2310 est,

216 2333 410 2395 sententiam
440 2346 591 2394 evertunt
621 2332 710 2392 numi
748 2331 959 2411 posteriores,
1018 2335 1106 2419 quod
1122 2335 1253 2395 leonem
1269 2353 1365 2396 manu
1381 2354 1437 2397 sus
1458 2333 1614 2399 stratisse
1630 2334 1764 2399 feratur.

216 2433 272 2515 qui
295 2431 429 2514 globum
452 2432 625 2508 exhibent,
665 2451 730 2514 quo
751 2450 849 2491 nemo
871 2427 962 2489 dubi·
1018 2437 1108 2497 Inter
1124 2433 1309 2517 periculosa
1325 2434 1408 2498 haee
1425 2432 1529 2498 studia
1544 2435 1713 2520 jugulum,
1732 2450 1768 2501 et

215 2532 296 2595 tabit
318 2531 455 2594 indicari
476 2533 646 2607 tellurem,
678 2529 874 2595 seu‘orbem
897 2543 990 2593 ter·.
1019 2558 1133 2600 coxam
1154 2535 1271 2619 tregit,
1311 2550 1348 2600 ne
1371 2535 1521 2601 nonnihil
1550 2556 1651 2603 crure
1681 2537 1767 2601 elsa·

215 2655 352 2709 rarum,
388 2654 454 2694 non
481 2654 561 2697 reso
584 2634 735 2718 exiguam
754 2647 863 2696 terrae
886 2652 963 2716 por·
1018 2638 1155 2704 dicaret.
1199 2640 1291 2702 llaec
1327 2637 1538 2722 Spartianus,
1582 2652 1618 2703 et
1638 2636 1765 2725 mot).

214 2736 340 2800 tionem
371 2749 487 2820 egestu
516 2736 605 2800 lacus
643 2737 862 2820 agriculturae
892 2733 961 2796 ido·
1017 2745 1135 2805 Narrat
1159 2742 1254 2803 etiam
1277 2740 1465 2803 Athenaeus
1480 2742 1531 2823 t),
1564 2739 1767 2807 Hadriam

216 2859 312 2901 neam
334 2837 505 2903 redditam.
550 2839 655 2900 Simili
677 2838 905 2921 inscriptione,
928 2849 962 2899 et
1019 2844 1051 2905 in
1081 2842 1184 2924 Libya
1215 2841 1435 2905 Alexandriae
1469 2841 1575 2908 ricius
1613 2858 1765 2910 senatun

216 2954 295 3023 typo
325 2962 458 3000 numum
491 2939 579 3002 cudit
609 2940 807 3002 Commodus
834 2938 874 3002 od
907 2959 962 2999 an·
1018 2944 1191 3006 immanem
1213 2942 1345 3005 leonem
1373 2945 1549 3021 Maurum,
1584 2946 1680 3029 eujus
1701 2968 1766 3011 ne·

215 3063 294 3103 num
317 3042 503 3119 V·C·()l⁰·
548 3041 598 3100 An
621 3060 703 3102 roro
726 3056 759 3104 et
780 3041 833 3102 hic
855 3040 961 3101 lacum
1019 3061 1053 3110 tu
1070 3060 1137 3108 tota
1153 3044 1269 3108 ricinis
1286 3045 1393 3107 solum
1408 3046 1535 3122 vertit,
1568 3047 1762 3115 coniecisse.

216 3142 376 3204 Fucinum
397 3141 527 3202 eruisit?
551 3140 883 3204 Animadvertendum
905 3140 963 3202 cti·
1165 3152 1210 3209 Vt
1223 3149 1277 3212 lit,
1292 3145 1332 3209 H.

216 3265 286 3317 am,
316 3263 389 3304 cum
411 3241 444 3301 in
466 3260 565 3302 numo
588 3243 734 3304 Domnao
757 3243 798 3307 ad
820 3242 958 3304 similem
1016 3250 1218 3318 VENERIS.
1240 3247 1423 3314 FELlClS.
1466 3250 1766 3317 Venussedessd.

214 3359 352 3429 typum,
397 3344 530 3428 qualem
557 3342 714 3405 exhibent
739 3344 828 3406 numi
854 3358 962 3427 poste·
1020 3350 1258 3428 Victoriolcm,
1288 3373 1315 3412 s.
1335 3350 1480 3417 hastam.
1497 3352 1652 3421 ΑΗΒ.
1668 3356 1764 3429 (tt-s

216 3447 344 3522 riores,
365 3464 483 3529 nempe
507 3446 679 3508 mulierem
702 3445 872 3508 sedentem
893 3449 963 3530 jus·
1020 3454 1131 3535 cass.)

217 3562 251 3612 ts
275 3547 429 3631 globum,
450 3567 547 3632 quem
570 3546 673 3631 puelli
696 3546 835 3625 obeunt,
862 3549 964 3632 scrip-
1176 3552 1343 3618 Velim.

218 3664 289 3714 tum
312 3649 458 3734 legatur:
498 3648 798 3725 Fsscvn‘ttl'ras,
830 3651 966 3734 inscrip-
1022 3654 1561 3722 t⁷1tBS.1t0n1.-t.ttssrt:ttttt.
1597 3656 1767 3725 dicasse·

218 3754 310 3816 tione
325 3771 497 3813 numerum
513 3750 731 3832 praesentium
750 3752 884 3817 telluris
898 3765 965 3815 sto·
1020 3760 1157 3822 denam
1176 3758 1297 3841 templo
1320 3776 1382 3821 ses
1400 3758 1681 3827 columnarum.
1695 3760 1767 3847 gio·

218 3856 339 3918 bilitas
358 3851 494 3915 indicari
516 3871 613 3933 posse
637 3853 790 3916 tellurem
810 3875 964 3938 procura·
1021 3861 1132 3923 duma.
1140 3860 1283 3922 hostem.
1291 3860 1360 3920 ΛΕ.
1370 3880 1454 3925 mas.
1462 3858 1552 3926 mod.
1558 3860 1766 3949 (Theopoli).

218 3972 251 4020 ta
269 3955 449 4018 liberorum
468 3952 714 4036 procreatione,
736 3955 966 4040 principoma·
1063 3959 1248 4044 Vtrumque
1266 3981 1399 4022 numum
1418 3961 1595 4047 conjungo.
1632 3964 1769 4029 mum·

220 4057 381 4121 trimoniis
406 4055 557 4129 latente,
595 4067 629 4117 et
651 4056 881 4120 alimentorum
903 4078 965 4142 ope
1022 4082 1100 4123 num
1115 4061 1261 4139 Veneri,
1288 4060 1669 4131 otnomaesedibessss
1686 4078 1769 4133 ten·

220 4160 379 4242 juventuti
395 4157 633 4222 destinatorum
649 4158 847 4223 stabilitam.
1023 4164 1129 4246 plum,
1172 4184 1245 4229 cum
1272 4183 1314 4226 ex
1335 4164 1424 4241 aliis,
1467 4179 1538 4229 tum
1561 4166 1673 4235 Dion·
1691 4188 1769 4235 Μ·

364 4263 409 4323 Vt
428 4262 483 4324 lit.
499 4260 544 4322 D.
1024 4277 1085 4328 stat
1101 4264 1142 4349 d).
1180 4265 1297 4341 Addit,
1320 4286 1394 4329 eum
1420 4267 1527 4353 ipsum
1545 4266 1649 4335 iuisoe
1671 4268 1768 4355 buius

220 4362 415 4428 vtttTth.
436 4359 642 4429 avas'rt.
671 4359 856 4445 Imperator
871 4380 969 4442 eques
1023 4366 1114 4429 sedis
1157 4366 1394 4445 architectum,
1444 4370 1656 4459 occisumque
1696 4374 1769 4459 ejus

220 4558 567 4734 §minuimento
685 4573 717 4644 b]
742 4573 773 4633 1..
795 4574 895 4637 cxlx,
914 4578 993 4649 §.to
1103 4580 1135 4649 c)
1154 4578 1186 4635 L.
1205 4576 1268 4637 XV.
1288 4601 1317 4657 p
1338 4588 1449 4647 mort.
1558 4582 1769 4659 41)me

237 4672 292 4723 ,4.
