3998 5340
745 354 1225 500 ⁴snnrourutvs.
1732 429 1776 493 3,

219 572 287 638 EX.
306 573 340 638 S.
354 571 390 639 C.
416 572 524 659 Caput
543 573 668 637 nudum
685 573 832 654 Pompeii
846 574 967 654 patris,
1024 589 1106 633 rona
1128 590 1269 653 querna,
1299 591 1361 656 qua
1383 571 1514 656 quidem
1536 573 1609 657 jure
1633 575 1770 659 gloriari

216 697 303 758 pone
322 677 443 753 lituus,
465 678 523 739 aua·
539 676 714 738 adversum
732 685 784 736 est
801 662 902 752 ceput
921 672 970 732 al·
1026 683 1171 754 poterat,
1211 671 1300 753 quod
1338 695 1378 735 cs
1413 688 1617 740 servatorum
1651 679 1774 744 civium

223 791 329 840 terum
357 781 481 840 nudum
508 778 635 840 modice
664 774 855 850 imbutum,
882 792 970 855 ponc
1011 770 1128 844 ‚decus
1143 771 1252 835 habita
1268 785 1332 849 est,
1354 774 1425 856 ipss
1443 797 1530 841 vero.
1542 778 1699 862 copiosis,
1717 780 1775 865 qui

225 881 342 960 tripos.
364 878 437 949 AV.
455 879 555 960 (Mus.
573 875 686 958 Caes.)
1026 872 1274 957 proscriptionis
1316 873 1383 939 vim
1428 892 1614 956 evaserant,
1664 882 1776 964 perin-

385 980 515 1042 Eadcm
533 975 720 1058 epigraphe.
752 975 859 1058 Caput
877 977 972 1039 Pom·
1029 973 1117 1055 pum
1134 974 1300 1057 praebuit,
1315 996 1456 1063 eosque,
1479 999 1553 1041 cum
1571 981 1713 1062 primum
1729 983 1776 1045 fa-

386 1079 454 1161 peji
466 1078 576 1159 patris
592 1077 728 1138 nudum.
753 1134 760 1143 ,
1027 1074 1142 1141 cultas,
1165 1075 1316 1154 dabatur,
1358 1098 1434 1140 cum
1470 1081 1593 1145 lllvitis
1627 1085 1776 1146 reconci-

226 1182 352 1245 Eadem
371 1177 558 1261 epigraphe.
581 1170 702 1258 capita
719 1177 785 1238 duo
804 1179 894 1241 nuda
913 1179 971 1240 ad·
1026 1176 1133 1254 liavit,
1154 1177 1343 1262 patriaeque
1360 1177 1503 1242 reddidit
1517 1178 1562 1263 b).
1584 1184 1665 1246 Pars
1682 1205 1777 1247 aver·

224 1302 337 1358 verso,
370 1300 509 1362 quorum
536 1281 674 1341 desem
703 1279 902 1341 adstituitur
929 1279 970 1341 li·
1025 1298 1061 1342 sa
1087 1277 1128 1341 ad
1152 1279 1235 1342 latus
1258 1276 1433 1342 dexterum
1456 1279 1658 1347 luculentum
1682 1287 1774 1348 exbi-
1887 1270 1891 1276 ’

225 1398 320 1461 tuus,
340 1385 620 1463 sinistroguttus.
642 1376 850 1457 Av.(1.iebe
868 1379 967 1446 Goth.
1024 1377 1083 1441 bct
1111 1380 1263 1463 Pompoji
1290 1381 1392 1464 patris
1423 1393 1535 1465 caput,
1576 1399 1611 1448 ut
1637 1400 1772 1468 praeter

225 1506 314 1548 num.
331 1505 363 1568 p.
378 1484 444 1564 sto.)
547 1545 550 1551 ,
1025 1480 1194 1564 exemplar
1225 1482 1456 1545 Morellianum
1490 1483 1610 1550 docent
1644 1488 1769 1551 similes

288 1586 426 1650 Numam
448 1602 490 1646 ex
511 1580 561 1643 bis
583 1580 724 1665 primum
752 1580 832 1645 olim
861 1580 966 1660 edidi,
1025 1579 1091 1644 ‹luo
1118 1582 1324 1664 integerrimi
1353 1584 1442 1645 numi
1474 1587 1577 1649 musei
1605 1589 1769 1653 Caesarei.

224 1700 257 1749 et
278 1687 400 1769 pictum
422 1684 489 1748 stiti
511 1685 559 1765 ⁸),
586 1683 621 1744 in
647 1703 712 1767 quo
737 1704 850 1746 veram
878 1682 967 1746 exbi-
1003 1685 1115 1746 =Pone
1137 1682 1323 1747 adstituitur
1344 1683 1459 1762 lituus,
1486 1687 1772 1773 quialuit'aagur

221 1788 296 1851 beri
318 1787 410 1850 Sexti
437 1783 582 1868 effigiem
603 1783 782 1848 verisimile
803 1796 873 1861 est,
904 1785 967 1849 ctsi
1023 1784 1163 1849 docente
1180 1785 1253 1868 ipso
1268 1781 1429 1849 Cicerone
1446 1788 1486 1868 c).
1509 1786 1607 1880 Quod
1623 1787 1699 1850 huie
1716 1810 1773 1872 op·

220 1890 417 1952 lineamenta
437 1888 574 1950 multum
594 1884 785 1949 differente
808 1883 966 1968 capitibus
1022 1888 1156 1971 ponitur
1180 1900 1293 1970 caput,
1318 1886 1497 1950 secundum
1520 1890 1697 1972 plerosque
1721 1903 1773 1952 est
1836 1961 1839 1979 1

218 2011 394 2053 numerum
420 1987 644 2073 sequentium,
680 1986 715 2047 in
743 1985 860 2071 quibus
889 2007 966 2070 pro-
1023 1989 1124 2051 Gnaei
1146 1988 1223 2065 lilii,
1252 1988 1309 2072 qui
1329 1989 1544 2053 Sextifrater
1565 2004 1643 2054 natu
1665 1991 1770 2073 major

217 2092 327 2156 babile
349 2092 430 2155 item
451 2104 516 2167 est,
538 2104 573 2153 ut
595 2089 739 2165 dicetur,
763 2089 833 2170 ejus
849 2086 966 2151 offerri
1022 2089 1101 2167 suit,
1131 2103 1165 2153 et
1191 2090 1231 2150 iu*
1251 2091 1424 2162 Mundensi
1450 2092 1575 2172 praelio
1602 2092 1771 2168 occubuit,
1840 2172 1842 2174 Ι

216 2194 404 2279 imaginem.
448 2191 546 2254 Numi
582 2193 624 2257 11.
661 2205 695 2254 ct
731 2192 787 2254 111.
827 2192 964 2252 multura
1022 2205 1248 2276 atquererum
1264 2207 1299 2255 ut
1313 2192 1426 2269 fatear,
1441 2193 1532 2274 cujus
1544 2193 1680 2257 alterius
1696 2216 1770 2258 esse
1854 2216 1859 2225 ⁷

219 2296 387 2360 iacessunt
429 2293 610 2357 molestiae.
659 2293 756 2355 Mitto
795 2290 964 2356 brevitatis
1022 2293 1297 2378 possit,aiguoro.
1326 2294 1466 2357 Barbam
1489 2308 1525 2356 ut
1547 2296 1772 2376 promitteret,

220 2419 332 2473 causa,
364 2414 446 2481 quae
475 2394 596 2463 eruditi
617 2393 698 2458 rarii
719 2392 761 2457 ad
782 2413 840 2456 eos
862 2395 975 2477 expli,
1022 2396 1150 2478 impulit
1168 2397 1274 2461 luctus
1292 2396 1392 2479 patris
1410 2395 1589 2459 ulciscendi
1605 2416 1700 2459 causa
1718 2397 1773 2458 ad·

221 2498 342 2563 candos
369 2496 559 2580 protulere,
591 2509 625 2559 et
654 2516 709 2572 ea,
741 2512 823 2580 quae
853 2496 967 2560 rerisi-
1023 2511 1166 2562 vocatus.
1189 2496 1389 2580 Detripode
1407 2517 1492 2581 pone
1513 2497 1584 2578 ejus
1600 2511 1697 2581 caput
1715 2518 1773 2581 po·

221 2600 309 2662 milia
337 2598 506 2674 videntur,
538 2597 644 2659 solum
673 2617 862 2680 persequar.
908 2598 968 2659 Ca·
1025 2599 1088 2662 sito
1109 2612 1225 2682 agetur
1243 2600 1407 2663 contiuuo.
1810 2593 1813 2596 ⁴

220 2715 282 2786 put
307 2700 431 2764 anticas
459 2699 551 2762 numi
571 2703 611 2760 11.
640 2720 712 2762 esse
735 2699 836 2782 ipsius
859 2698 967 2777 Sexti,
1089 2703 1214 2762 Numus
1237 2704 1290 2764 111.
1314 2712 1409 2783 caput
1429 2698 1580 2782 Pompeji
1607 2699 1708 2782 patris
1736 2699 1771 2760 ia

223 2802 332 2866 omnia
382 2800 591 2884 persuadent.
648 2799 789 2861 Barbam
838 2800 967 2885 modice
1026 2801 1164 2862 anticam
1185 2800 1314 2879 trajicit.
1353 2799 1445 2892 Quae
1469 2800 1532 2861 sint
1554 2801 1657 2881 capita
1678 2821 1770 2863 arer-

222 2896 384 2987 promittit
412 2915 505 2964 sueto
533 2901 602 2982 ejus
625 2901 736 2962 aetatis
759 2898 864 2972 cultu;
895 2919 968 2959 nam
1026 2920 1080 2962 sae
1092 2945 1106 2975 ,,
1122 2900 1363 2982 inquirendum.
1393 2901 1499 2960 Nemo
1522 2899 1604 2976 erit,
1627 2901 1772 2982 quinon

222 3026 295 3068 eam
323 3002 474 3065 aluerunt
502 3001 601 3064 etiam
628 3001 742 3064 saltem
771 2998 969 3083 aliquamdiu
1026 3002 1133 3084 primo
1164 3014 1298 3084 aspectu
1328 3022 1366 3062 ea
1397 2999 1506 3062 Gnaeo
1536 3013 1570 3061 et
1599 3001 1700 3062 Sexto
1735 3001 1771 3062 ii·

222 3104 436 3178 Octaviauus,
469 3105 514 3164 M.
536 3102 713 3180 Antonius,
742 3104 883 3175 Brutus,
915 3121 969 3163 cu·
1026 3103 1078 3166 liis
1099 3123 1174 3166 esse
1196 3101 1329 3186 propria
1350 3100 1447 3176 velit,
1477 3101 1523 3163 sic
1554 3115 1587 3164 ut
1617 3102 1704 3186 quod
1729 3103 1771 3165 ad

220 3209 271 3290 jus
301 3221 399 3268 causa
423 3202 518 3267 fuere
545 3218 601 3267 aut
627 3205 734 3267 luctus
758 3203 899 3288 privatus
924 3203 966 3266 ob
1025 3204 1193 3270 dexteram
1214 3217 1284 3279 est,
1311 3202 1491 3280 sitCnaei‚
1521 3203 1609 3286 quod
1630 3203 1671 3266 ad
1693 3203 1770 3267 sini·

219 3307 396 3372 violentam
419 3307 535 3391 patris,
564 3320 620 3370 aut
640 3305 858 3369 benefactoris
880 3326 967 3369 mor·
1023 3321 1140 3385 stram,
1163 3305 1265 3371 Sexti.
1296 3306 1363 3368 Sci
1379 3320 1486 3370 tamen
1506 3319 1558 3368 est
1575 3307 1684 3390 magui
1700 3329 1769 3371 mo·

219 3427 303 3490 tem,
332 3425 387 3475 aut
407 3409 557 3493 publicus
580 3407 624 3470 ob
643 3409 729 3490 reip.
751 3409 965 3487 calamitates,
1022 3409 1126 3472 menti
1144 3431 1256 3486 causa,
1279 3429 1361 3492 quac
1383 3407 1576 3471 senteutiam
1593 3407 1676 3470 banc
1698 3429 1770 3490 gra·

219 3530 255 3578 nt
273 3511 529 3598 inksingulorum
550 3509 657 3573 numia
678 3510 899 3574 observamus.
928 3514 964 3574 ln
1020 3512 1108 3578 viter
1134 3510 1221 3574 ferit.
1257 3513 1293 3571 ln
1318 3530 1418 3571 numo
1442 3507 1662 3592 praecedente
1688 3509 1782 3595 ridi-¹

221 3620 323 3681 Sexto
349 3628 463 3678 nostro
490 3605 629 3676 honesta
655 3612 804 3696 quidem,
834 3613 892 3676 scd
921 3624 967 3675 ta·
1023 3635 1114 3688 mus,
1136 3611 1250 3694 capiti,
1274 3610 1362 3694 quod
1385 3632 1457 3674 esse
1481 3611 1581 3674 Cnaei
1601 3623 1769 3692 putamus,

176 3700 180 3708 ¹
219 3741 296 3784 men
331 3717 489 3781 adfectata
522 3715 701 3779 continuati
732 3715 839 3777 luctus
871 3735 966 3777 causa
1022 3714 1155 3778 adstitui
1184 3712 1363 3796 tripodem,
1394 3712 1426 3773 iu
1458 3712 1520 3775 boc
1552 3711 1703 3777 videmus
1732 3712 1771 3772 li·

219 3843 293 3888 esso
316 3821 421 3904 potuit
437 3819 564 3882 bellam
584 3837 657 3879 cum
674 3816 853 3879 Octaviano
872 3837 967 3899 repe·
1022 3830 1125 3878 tuum.
1163 3816 1245 3878 Esse
1267 3816 1354 3878 hunc
1377 3828 1550 3898 auguratus
1573 3826 1699 3876 certum
1721 3813 1769 3874 iu·

217 3925 334 3999 titum,
375 3921 468 4004 quasi
503 3919 657 3991 nimirum
694 3919 812 3984 invitus
851 3931 966 3984 vetera
1022 3917 1157 3995 (licium,
1178 3918 1249 4001 quis
1266 3917 1393 3981 nescit?
1416 3916 1484 3979 Sed
1502 3936 1610 4000 neque
1633 3936 1769 3998 augura·

217 4027 301 4109 reip.
327 4022 467 4088 vulnera
493 4021 652 4086 refricare
680 4034 867 4105 cogeretur.
904 4022 967 4083 Ea·
1023 4020 1070 4083 tui
1084 4033 1245 4103 repugnat
1258 4020 1362 4103 tripus
1375 4019 1554 4084 secundum
1570 4016 1671 4085 verba
1684 4019 1770 4078 Mar·

223 4128 296 4190 dem
325 4124 424 4189 etiarn
454 4123 497 4186 de
524 4144 619 4187 cansa
642 4122 854 4185 Octavianum
880 4122 966 4188 ultra
1023 4121 1102 4185 tiani
1120 4122 1273 4205 Capellae
1293 4121 1344 4203 d)t
1372 4125 1562 4185 Oeonistice
1582 4122 1687 4184 tertio
1708 4131 1768 4191 est,

223 4229 429 4315 praefinitum
452 4234 582 4310 tempus
604 4224 792 4308 promisisse
816 4225 966 4302 barbam,
1022 4244 1082 4307 per
1101 4244 1199 4302 quam
1219 4226 1326 4305 tripos
1343 4224 1406 4285 illa
1426 4237 1564 4286 venturo
1580 4224 1770 4296 denunciat,

220 4334 253 4394 in
274 4331 346 4415 ejus
369 4342 500 4392 moneta
521 4327 562 4391 ad
581 4349 699 4391 annum
716 4330 758 4395 V.
774 4328 811 4392 C.
827 4351 889 4411 7¹7
912 4347 968 4391 vc·
1025 4340 1125 4406 utque
1142 4328 1249 4386 omnis
1267 4327 1410 4410 eminuit
1426 4337 1544 4387 nostru
1560 4326 1690 4386 cortino
1708 4336 1769 4385 etc.

222 4432 357 4498 risimile
385 4431 501 4497 dicam.
540 4433 633 4496 Sexti
659 4444 755 4516 caput
786 4429 885 4494 ambit
913 4450 970 4493 co·
1025 4426 1212 4491 Secundum
1240 4447 1321 4511 ergo
1350 4425 1412 4487 hos
1437 4446 1554 4490 numos
1580 4423 1772 4489 babebimus

260 4630 588 4735 zemamo-etpost·
663 4656 1066 4732 mememorato.
1141 4657 1172 4728 c)
1192 4651 1478 4731 Philip.X111.c.5.
1554 4651 1736 4722 mnvut
