4012 5370
650 388 1058 466 vnsrastanvs.
1548 392 1626 502 su
1650 492 1653 496 ,

71 558 195 642 probos
222 571 354 628 omnes,
383 550 524 638 ambigo.
567 554 653 621 Vide
681 554 723 620 de
750 557 967 643 singularibus
994 547 1047 621 luis
1066 558 1187 624 Sestini
1207 565 1314 630 nemis
1333 561 1490 651 iudicium
1513 554 1632 640 meod*

71 662 106 720 in
127 657 236 722 nemis
255 655 487 719 Alexandrinis
507 657 662 722 Achillei.
1039 681 1041 686 ’

273 756 483 821 Coloniarum
548 791 563 810 .
641 790 660 807 s
741 790 757 812 .
839 792 853 808 .
909 781 951 810 ·.
1031 794 1046 811 .
1126 795 1141 810 .
1219 798 1237 815 .
1321 767 1364 834 ο,

273 856 485 923 Alexandrini
544 879 1234 914 ........
1318 869 1420 935 mm,

635 1180 1059 1250 VESPASIANVS.

83 1380 85 1387 '
135 1363 269 1429 Flavius
293 1362 510 1446 Vespasianus
529 1375 623 1427 natus
646 1364 744 1427 estin
764 1365 819 1427 Sa·
876 1363 937 1429 lul.
964 1364 1006 1431 V.
1023 1365 1060 1428 C.
1082 1365 1143 1428 das
1165 1382 1368 1433 aeramento
1396 1373 1545 1457 legiones
1565 1367 1620 1442 ad·

69 1466 159 1531 binis
184 1485 289 1548 prope
309 1466 411 1526 Reate
431 1464 594 1528 xv.1t.t.
613 1464 818 1529 Decembres
876 1465 955 1548 egit.
995 1466 1067 1557 Qua
1083 1466 1125 1529 de
1146 1473 1377 1536 cassassetnm
1402 1489 1438 1536 ut
1457 1477 1484 1538 is
1501 1479 1632 1561 princi-'

68 1570 116 1638 V.
133 1568 171 1630 (ζ.
186 1567 260 1647 7bs,
281 1579 372 1648 patre
387 1565 501 1628 Flavio
520 1566 640 1628 Sabino
658 1567 816 1629 obscmae
874 1581 967 1649 patus
992 1567 1062 1631 dies
1087 1570 1210 1651 primns
1236 1571 1269 1633 in
1288 1587 1456 1655 posterum
1470 1579 1630 1643 celebre*

70 1669 227 1752 originis,
269 1681 371 1730 matre
407 1667 563 1749 Vespasia
587 1668 681 1730 Polla
715 1667 818 1729 nobili
874 1681 967 1730 retur
986 1665 1029 1749 ἀ).
1060 1669 1204 1733 Secutus
1217 1675 1369 1754 proxime
1389 1680 1553 1742 exercitus
1570 1685 1620 1744 lu·

69 1771 213 1833 Nursiae
230 1788 354 1851 genere
374 1780 453 1829 orta.
497 1769 647 1830 Fratrem
666 1782 741 1831 natu
754 1790 818 1831 ata·
875 1767 984 1831 daicus
999 1769 1040 1835 V.
1053 1789 1133 1834 non.
1151 1770 1226 1844 lul..
1251 1788 1291 1834 ut
1305 1775 1420 1837 scribit
1433 1780 1564 1842 Tacitus
1579 1784 1629 1864 ο),·

72 1874 180 1956 jerem
209 1869 320 1932 babuit
345 1868 493 1932 Flavium
513 1868 666 1931 Sabinum
690 1871 819 1953 praefe-
864 1884 911 1938 ,ut
924 1869 1098 1933 Suetonius
1119 1869 1161 1950 ¹),
1181 1870 1223 1940 V.
1245 1873 1279 1934 id
1299 1877 1380 1954 lul,
1404 1897 1512 1962 nsque
1536 1863 1619 1943 mul.

73 1988 165 2039 ctum
179 1972 288 2044 urbis,
306 1971 479 2046 extremis,
499 1984 534 2032 ut
550 1993 645 2054 supra
662 1971 817 2049 diximus,
875 1981 910 2030 to
936 1983 1009 2052 post
1032 1971 1202 2037 Mucianus
1237 1996 1315 2039 suos
1349 1976 1469 2043 milites
1493 1981 1528 2041 in
1552 1982 1619 2049 Vs·

75 2074 206 2159 Vitellii
228 2070 343 2135 diebus
364 2073 404 2135 ab
424 2071 520 2154 bujus
537 2072 692 2136 militibus
708 2074 818 2136 obses·
875 2071 1015 2154 spasixai
1031 2073 1133 2137 verba
1150 2074 1260 2160 adegit
1282 2080 1324 2161 tt).
1353 2080 1441 2143 Dum
1466 2080 1521 2144 bic
1544 2102 1619 2146 cum

73 2197 146 2240 xxm
163 2176 199 2238 in
220 2172 395 2256 Capitolio,
415 2188 448 2236 et
465 2174 729 2256 inte1·icctum⁸).
752 2177 819 2238 De·
874 2172 969 2236 lectis
992 2174 1148 2239 militibus
1170 2177 1203 2239 in
1219 2179 1342 2243 ltaliam
1361 2181 1496 2246 neribus
1518 2187 1626 2246 trans?

72 2278 206 2340 functus
237 2274 340 2337 solitis
365 2273 595 2337 muneribuss
624 2276 759 2338 Claudio
782 2278 817 2338 in
875 2273 988 2350 mittit,
1027 2275 1154 2339 interea
1188 2279 1348 2345 Antonius
1381 2283 1511 2347 Primus
1544 2303 1633 2346 cum·

75 2377 303 2451 Germaniam,
327 2395 405 2435 mox
431 2375 463 2434 in
482 2377 680 2439 Britanniam
702 2378 818 2441 missus
877 2377 1025 2440 exercitu
1062 2379 1229 2444 Moesiaco
1262 2394 1484 2466 transgressus
1515 2384 1619 2468 Alpes

78 2493 202 2541 tantum
219 2497 254 2540 se
273 2478 392 2542 virtute
410 2477 540 2551 extulit,
560 2491 594 2537 ut
614 2479 819 2561 triumphalia
875 2478 969 2544 vietis
994 2478 1034 2541 od
1051 2478 1246 2544 Cremonam
1265 2483 1450 2548 Vitellianis
1477 2485 1620 2569 denique

76 2593 284 2654 ornamenta,
307 2592 341 2639 et
360 2577 481 2658 duplex
504 2578 719 2666 sacerdotium
736 2581 820 2642 aeci·
876 2576 994 2641 urbem
1019 2579 1121 2663 ipsam
1151 2596 1292 2646 exeunte
1318 2585 1497 2647 Decembri
1523 2587 1617 2670 capit,

76 2695 172 2762 peret
187 2679 230 2760 b).
253 2677 714 2768 SubNeronsAsricamrexit,
730 2702 819 2744 eum·
875 2697 1040 2763 caesoque
1063 2672 1201 2751 Vitellio
1221 2683 1395 2768 imperium
1417 2686 1619 2770 Vespasiano

78 2802 140 2866 que
168 2781 202 2841 iu
228 2781 346 2842 itincre
369 2778 510 2843 Achaico
529 2780 715 2857 comitates,
740 2782 817 2845 dum
874 2777 1006 2842 adserit.

76 2897 202 2947 cenam
218 2880 279 2943 sibi
296 2880 335 2942 ab
354 2880 416 2943 hoc
439 2880 571 2943 exitium
590 2883 652 2963 jam
672 2882 818 2945 immine·

76 2998 143 3061 ret,
161 2982 249 3067 quod
266 3001 308 3044 eo
328 2994 474 3044 cantante
488 3004 582 3043 ausus
595 2995 684 3044 esset
700 2982 819 3045 obdu»

1068 2944 1425 3031 KGWRXQ

1033 3048 1098 3111 Te.
1122 3051 1158 3112 P.
1177 3049 1273 3112 COS.
1291 3049 1393 3114 DES.
1415 3051 1461 3115 ΙΙ.

879 3145 947 3211 Ser.
965 3145 1057 3234 Sulp.
1081 3148 1190 3212 Galsa
1202 3153 1292 3232 Aug.
1309 3151 1355 3214 ΙΙ,
1376 3150 1410 3216 Τ.
1431 3151 1533 3216 Virrio
1550 3152 1617 3217 Ru·

1162 3247 1239 3334 jt'no
1253 3272 1318 3313 cos.

78 3087 235 3157 miseere,
269 3096 407 3163 repente
428 3095 538 3144 contra
555 3095 645 3164 spem
662 3083 751 3146 bello
765 3085 819 3147 ad·

76 3207 205 3247 versum
233 3183 368 3245 ludaeos
388 3184 599 3265 pertinaciter
622 3199 688 3246 tum
710 3182 820 3247 rebel·

75 3289 180 3349 lantes
206 3284 354 3367 gerendo
372 3283 573 3365 praeficitur,
604 3284 749 3370 illudque
765 3308 819 3349 ex-

79 3403 185 3452 tremo
209 3385 350 3449 Neronis
376 3398 541 3468 tempore,
565 3400 597 3474 et
618 3406 694 3447 mox
719 3386 820 3469 digla-
939 3385 1139 3467 Vespasiano
1162 3386 1196 3447 in
1213 3387 1379 3469 Aegypto,
1407 3387 1482 3448 Tito
1505 3387 1539 3448 in
1557 3389 1618 3450 Pa·

77 3488 237 3551 diantibus
256 3488 342 3548 inter
362 3507 397 3548 se
416 3488 528 3562 Galba,
550 3486 695 3561 Othone,
717 3487 821 3551 Vitel·
874 3487 1009 3551 laestina
1024 3486 1210 3550 absentibus
1229 3485 1413 3548 consulatus
1426 3485 1459 3545 in
1478 3506 1616 3570 sequen·
1701 3497 1707 3502 '

77 3589 122 3651 lio
139 3610 256 3671 magna
271 3587 459 3668 aequitatis,
482 3603 514 3649 et
534 3587 661 3650 virtutis
679 3585 817 3649 bellicas
874 3601 941 3650 tem
965 3609 1083 3649 annum
1106 3585 1304 3648 decernitur.
1340 3587 1469 3648 interea
1490 3587 1615 3649 Romae

78 3692 183 3774 gloria
202 3691 419 3773 persequitur.
461 3687 616 3750 Adversis
643 3710 660 3749 s
681 3687 818 3752 Vitellio
874 3687 1054 3750 alterdlius
1070 3685 1273 3748 Domitianus
1288 3685 1422 3762 Caesar,
1445 3700 1478 3749 et
1496 3686 1617 3749 idacia-

76 3794 218 3855 omnium
253 3791 366 3852 animis
397 3789 588 3871 praecipuus
616 3788 817 3870 Vespasiano
872 3808 1002 3850 nasres
1024 3782 1259 3869 procurantb).

76 3909 189 3957 auctor
213 3892 402 3975 acceptandi
432 3889 560 3971 imperii
587 3888 647 3950 luit
670 3889 816 3951 Licinias
1128 3935 1147 3970 ,
1231 3886 1251 3922 ⁴
1337 3931 1357 3969 4

77 3996 258 4066 blasianus,
288 3993 343 4077 qui
363 4006 429 4053 tum
449 3991 573 4070 Syriam
598 4012 671 4052 curra
695 3991 749 4056 IV.
769 3991 816 4052 le·
935 3987 1206 4071 Praecipiendum
1220 3987 1260 4051 ad
1274 4000 1436 4051 monetam
1445 3985 1616 4070 Vespasia·

77 4096 228 4180 gisnibus
248 4096 333 4156 rexit
355 4096 395 4172 c).
427 4096 470 4153 At
487 4092 613 4152 initium
630 4091 817 4155 serendiad
873 4087 1063 4164 ni,‚numos
1083 4110 1158 4153 cum
1179 4091 1252 4174 ejus
1269 4090 1374 4174 capite
1393 4091 1427 4150 in
1452 4086 1533 4150 urbe
1550 4089 1614 4154 laos

76 4218 149 4261 eum
165 4197 297 4279 imperii
313 4195 529 4258 Alexandriae
553 4206 705 4275 coeptum
730 4192 819 4256 sesti·
874 4209 957 4252 anno
981 4187 1125 4253 nondnrn'
1148 4211 1244 4255 cusos
1263 4190 1381 4267 fnisse,
1406 4208 1513 4271 usqne
1540 4190 1617 4253 endi

76 4315 170 4363 sante
196 4301 249 4361 Ti.
267 4296 455 4361 Alexandro
469 4295 654 4379 praelecto,
676 4293 733 4378 qui
747 4293 818 4357 Ral.
874 4292 1029 4374 potuisse.
1071 4293 1152 4356 Nam
1175 4303 1210 4355 ut
1236 4313 1333 4375 snpra
1354 4290 1389 4352 in
1408 4289 1545 4356 Vitellio
1570 4289 1617 4351 di·

113 4528 143 4594 a)
163 4526 322 4583 Sueten.
397 4521 431 4593 b)
451 4522 530 4578 Suet.
550 4528 612 4579 el.
686 4519 717 4588 e)
734 4515 828 4573 Tacit.
843 4515 915 4571 llist.
927 4515 963 4572 ll.
979 4520 1016 4578 76
1030 4534 1092 4592 seq.
1167 4511 1440 4585 d)'1'sei8.l.e.to
1460 4512 1618 4577 Suste6.
1678 4576 1688 4595 .
1750 4569 1755 4578 ,

76 4613 180 4671 alla.
257 4612 359 4681 Olr.
435 4614 467 4686 g)
486 4609 578 4665 Tacit.
592 4607 647 4663 lc.
663 4616 707 4668 80.
781 4603 1163 4675 la)'l'sclt.llist.lV.1>io.
