3998 5340
799 426 859 498 m·
882 423 1207 502 Attrourvs.
1324 431 1328 433 ’
1714 402 1777 518 ,55
1903 431 1909 438 ψ·

226 611 319 682 ptum
337 597 411 665 vide
429 597 463 658 in
479 609 610 661 moneta
625 595 722 682 hujus
740 595 841 660 urbis.
862 596 973 659 Alium
1098 595 1237 659 Colonia
1253 595 1401 662 Cabellio
1421 600 1568 685 ejusdem
1586 600 1777 668 Narbonen-

225 700 316 764 urbis
331 701 477 786 {ignotae
507 699 612 763 edidit
638 698 842 768 Vaillautius.
879 698 974 760 Alius
1032 697 1077 760 sis
1094 710 1130 760 ut
1146 696 1336 764 Illvirorum
1359 703 1518 784 omnium,
1540 704 1587 772 sic
1605 693 1775 791 et'Lepidi

226 822 301 864 cum
324 803 395 885 ejus
418 803 524 886 capite
545 823 564 865 a
585 799 662 862 Coie
686 798 830 883 signatus
852 797 975 875 fertur,
1032 817 1152 865 nomen
1170 798 1240 864 aeri
1257 820 1316 867 suo
1332 799 1451 870 intulit.
1518 848 1522 856 .

223 903 284 967 aed
303 903 346 967 de
363 905 456 986 eujus
474 901 540 966 fide
558 900 651 962 iubet
668 897 837 979 dubitare,
861 912 898 965 ut
919 899 975 968 ad·
1056 927 1060 935 ·

186 999 189 1006 ’
218 1005 313 1071 verti
330 1002 365 1067 in
381 1002 503 1067 horum
517 1013 659 1068 moneta.

226 1757 407 1819 Commoris
425 1758 612 1836 peregrini,
634 1767 671 1817 ut
691 1773 769 1817 mox
790 1751 910 1817 dictum
919 1787 1384 1828 ······
1469 1759 1570 1821 nnn.

798 2082 851 2144 M.
874 2078 1194 2146 ANTONIVS.

283 2263 385 2326 Natus
406 2282 467 2326 aro
488 2264 534 2323 Μ.
556 2258 700 2323 Antonio
728 2274 860 2326 oratore
888 2261 966 2324 iusi·
1023 2260 1213 2326 dictaturam
1242 2261 1276 2323 in
1305 2275 1502 2345 perpetuum
1535 2260 1661 2338 abolet,
1695 2281 1772 2323 mox

219 2364 291 2448 gni,
328 2377 422 2449 patre
450 2366 497 2432 M.
519 2362 663 2427 Antonio
692 2362 841 2443 Cretico,
875 2364 964 2428 undo
1021 2363 1056 2424 iu
1072 2364 1206 2426 eosdem
1225 2364 1382 2447 pupulum
1400 2364 1487 2427 lecto
1508 2349 1655 2428 Caesaris
1676 2377 1774 2427 testa·

217 2465 380 2529 innotuis
401 2469 510 2529 Murci
530 2467 643 2529 Filius
659 2467 770 2528 Marci
789 2467 897 2549 Nepos
918 2454 981 2531 dil
1021 2479 1153 2540 mento,
1186 2465 1322 2550 ejusque
1339 2464 1499 2529 cadavere
1515 2464 1620 2549 palam
1640 2479 1772 2528 ostenso

218 2567 313 2633 citur.
350 2568 460 2631 Prima
488 2565 649 2651 stipendia
676 2565 736 2629 sub
762 2565 901 2630 Gabinio
930 2567 964 2628 in
1023 2564 1179 2642 concitat,
1215 2565 1388 2632 Octavium
1415 2565 1563 2629 Caesaris
1591 2564 1772 2640 heredem,

219 2670 313 2750 Syria
342 2670 481 2746 meruit,
515 2669 568 2732 oui
594 2670 636 2735 V.
659 2668 694 2732 C.
717 2670 780 2751 boo
808 2671 840 2729 io
868 2670 966 2731 redu·
1023 2682 1057 2730 et
1083 2688 1125 2728 ex
1145 2680 1341 2731 testamento
1366 2666 1470 2730 filium
1493 2667 1642 2732 omnibus
1669 2668 1774 2731 modis

218 2772 326 2834 cendo
364 2770 397 2831 in
434 2788 575 2850 regnum
605 2769 797 2832 Ptolemaeo
833 2783 965 2852 praesto
1024 2781 1208 2851 oppugnat,
1225 2771 1267 2832 D.
1290 2771 1396 2831 Bruto
1413 2767 1551 2830 Galliam
1582 2770 1770 2832 citeriorem

219 2872 280 2933 suit
301 2874 340 2952 ¹).
367 2871 424 2947 Ad,
439 2873 464 2934 1.
483 2872 657 2933 Caesarem
675 2869 708 2930 in
725 2853 845 2932 Gallias
865 2883 966 2931 trans·
1024 2883 1213 2930 extorturus
1239 2887 1281 2928 ex
1297 2857 1387 2929 'urbe
1414 2868 1649 2951 proficiscitur,
1685 2890 1773 2931 eum·

220 2993 370 3058 gressus,
405 2992 480 3034 cum
502 2991 538 3033 se
560 2970 611 3031 illi
632 2983 781 3054 prompta
809 2969 964 3053 fidelique
1024 2988 1089 3051 que
1119 2967 1263 3030 Mutinae
1296 2968 1435 3036 obsidet.
1491 2973 1532 3034 V.
1566 2971 1602 3035 C.
1635 2993 1692 3052 7¹¹
1729 2972 1771 3032 ob
1830 3049 1835 3056 ι

219 3095 320 3159 opera
351 3071 614 3147 commendaret,
645 3091 687 3134 eo
714 3084 832 3155 agente
862 3071 904 3136 V.
927 3070 964 3133 C.
1023 3084 1170 3152 apertam
1199 3070 1264 3134 vim
1294 3069 1398 3136 hostis
1419 3095 1438 3136 a
1459 3085 1573 3136 senatu
1599 3072 1770 3154 judicatur.

217 3179 281 3251 705
309 3188 438 3239 creatus
457 3173 613 3253 tribanus
642 3172 750 3257 plebia
779 3171 966 3235 intercessit
1024 3172 1144 3234 Caesar
1165 3170 1360 3238 Octavianus
1382 3193 1456 3237 cum
1478 3173 1589 3236 Hirtio
1613 3189 1645 3237 et
1666 3175 1770 3237 Pansa

218 3290 348 3340 senatus
366 3275 533 3353 consulto,
557 3276 730 3339 Caesarem
748 3274 897 3358 legiones
917 3273 965 3334 di·
1023 3293 1091 3339 cos.
1109 3293 1150 3335 ex
1171 3275 1203 3337 S.
1221 3275 1258 3338 C.
1284 3275 1325 3337 ad
1350 3275 1553 3340 liberandum
1569 3278 1611 3340 D.
1632 3279 1771 3338 Brutum

218 3380 350 3441 mittere
384 3377 521 3460 jubenti.
568 3374 641 3469 Qua
679 3376 721 3439 de
755 3397 850 3439 causa
888 3395 962 3439 eum
1023 3375 1124 3440 missi.
1176 3376 1257 3437 Cum
1301 3376 1352 3439 bis
1394 3377 1565 3461 aliquoties
1606 3390 1769 3462 prospero

217 3481 283 3545 vim
306 3465 368 3542 sibi
389 3478 542 3542 intentari
564 3477 710 3556 videret,
737 3478 853 3541 relicta
880 3477 962 3541 urbe
1022 3482 1129 3540 Marte
1152 3476 1299 3560 confligit
1318 3477 1499 3555 Antonius,
1521 3499 1617 3543 versa
1639 3479 1770 3542 fortuna

217 3580 258 3652 ad
286 3582 458 3644 Caesarem
486 3577 579 3663 fugit.
615 3579 656 3645 V.
678 3579 719 3645 Ο.
741 3578 804 3660 7οό
832 3577 866 3639 in
892 3579 963 3641 acie
1021 3579 1127 3641 rictus
1149 3576 1190 3640 ad
1212 3579 1257 3640 bl.
1282 3577 1444 3660 Lepidum
1470 3580 1503 3640 in
1528 3579 1664 3642 Galliam
1689 3583 1770 3643 Nar·

216 3683 404 3745 Pharsalica
445 3681 577 3744 sinistro
619 3680 736 3744 cornui
776 3679 963 3764 praefectus
1022 3679 1201 3741 boneusem
1230 3677 1333 3761 fugit,
1367 3681 1422 3764 qui
1449 3681 1630 3764 apropriis
1661 3681 1768 3766 legio·

217 3805 290 3848 rem
306 3784 472 3867 praeclare
490 3784 587 3868 gerit.
608 3783 650 3849 V.
662 3784 700 3848 C.
714 3785 963 3866 7o7aCaesare
1021 3781 1116 3843 nibus
1143 3779 1320 3844 solicitatus
1351 3796 1464 3846 contra
1492 3783 1596 3846 datam
1625 3783 1710 3867 reip.
1732 3783 1770 3844 ti·
1851 3788 1860 3801 '

217 3887 374 3974 magister
398 3886 543 3970 equitum
568 3885 714 3949 adlectus
739 3905 780 3948 eo
802 3883 846 3970 5¹¹.
857 3884 964 3967 Aegy·
1021 3882 1097 3945 dem
1119 3903 1154 3944 se
1176 3903 1250 3945 cum
1272 3884 1413 3946 Antonio
1436 3885 1614 3969 conjungit.
1643 3886 1767 3948 Auctus

217 4001 274 4073 pto
291 3987 434 4073 Asiaque
452 3987 586 4051 absente
608 4008 663 4051 res
685 3986 719 4046 in
740 3985 823 4048 urbe
846 4006 962 4070 procu·
1020 3985 1120 4068 igitur
1150 3984 1273 4067 copiis,
1306 3986 1444 4070 plusque
1466 4008 1562 4070 quam
1584 3998 1677 4050 autea
1700 4008 1768 4051 mc·

216 4103 278 4157 rat.
310 4090 352 4156 V.
378 4091 414 4155 C.
435 4109 499 4171 7¹⁰
523 4091 636 4152 consul
659 4083 799 4170 couleg'a
821 4089 961 4151 Caesare
1020 4085 1160 4149 tuendus
1197 4087 1490 4151 cum·saciliorem
1528 4088 1590 4171 jam
1627 4085 1768 4150 baberet

217 4192 388 4256 dictatore.
431 4192 610 4255 Interfecto
645 4190 724 4255 idib.
747 4190 873 4269 Martiis
913 4192 964 4251 Iu·
1022 4187 1244 4267 Octavianum,
1258 4209 1331 4251 cum
1346 4190 1410 4253 hoc
1425 4190 1458 4250 in
1474 4210 1554 4272 agro
1566 4188 1767 4251 Bononiensi

217 4295 264 4356 lio
286 4315 362 4358 suae
384 4293 524 4378 primum
546 4293 631 4357 vitae
654 4306 803 4357 metuens
829 4312 964 4376 percus·
1021 4310 1234 4373 congressus,
1266 4290 1417 4374 adjuncto
1446 4288 1574 4372 Lepido
1597 4289 1765 4353 celebrem

218 4416 329 4458 sorum
365 4416 492 4459 causam
530 4393 680 4479 suscipit,
719 4394 847 4478 lataque
885 4393 962 4478 lege
1021 4391 1205 4455 Illviratum
1225 4413 1320 4455 causa
1344 4392 1428 4475 reip.
1444 4389 1688 4458 constituendae
1704 4395 1765 4456 init

255 4657 285 4726 a)
304 4647 379 4711 Plut.
395 4652 425 4710 in
442 4656 548 4711 Antan.
