4012 5370
381 491 403 565 a
474 452 481 469 '
807 590 811 605 A
921 477 1122 556 rumve
1157 439 1400 557 caussa.

386 650 547 719 luvenalis
569 653 630 718 hos
651 649 772 739 fervidi
794 649 872 714 solis
894 631 1017 714 incolas
1038 671 1133 719 voca·

385 755 435 820 vit
449 764 488 832 ⁸).

454 857 609 920 Caesaris
622 867 822 932 armentum,
836 856 923 919 nulli
938 856 1060 917 servire
1074 873 1134 936 pa-

493 951 496 958 ’
937 969 1048 1019 ratum
1112 1029 1114 1033 ι

452 1059 599 1123 Privato.

390 1157 481 1221 Idem
497 1173 591 1243 typus
608 1165 775 1226 restitutus
792 1160 889 1224 estin
908 1179 1007 1221 numo
1022 1159 1136 1242 Augu-

388 1261 430 1325 sti
446 1261 640 1327 Hadrumeti
658 1264 789 1328 Africae
808 1263 942 1354 signato.

751 1365 770 1401 ὅ

647 1411 666 1448 fi
855 1411 874 1445 R

557 1464 663 1545 Caput
678 1466 817 1528 Veneris
833 1465 1031 1526 adhaerente
1047 1459 1133 1520 colio

558 1564 761 1646 Cupidines·

392 1663 575 1729 CAESAR.
597 1665 777 1748 Tropaeum
791 1667 879 1726 inter
893 1664 976 1724 duos
989 1662 1138 1741 captivos

390 1768 549 1829 barbaros
564 1766 657 1826 humi
671 1769 829 1828 sedentes.
851 1764 922 1828 An.
942 1763 1066 1828 obvius.

558 1867 665 1948 Caput
685 1869 834 1930 Veneris.

393 1967 576 2034 CAESAR.
595 1968 684 2031 lMP.
712 1964 892 2049 Tropaeum
907 1971 996 2030 inter
1013 1980 1137 2031 struem

392 2061 569 2133 armorum.
593 2070 662 2130 All.
680 2068 857 2152 (Metelli.)
947 2091 949 2095 ·
1051 2062 1055 2069 ’

396 2187 398 2190 ⁴
512 2171 599 2230 IMP.
618 2171 735 2235 ΙΤΕΗ.
759 2172 868 2255 Caput
887 2173 1037 2234 Veneris.

393 2274 430 2336 C.
446 2271 638 2354 caman.
664 2271 701 2336 C.
728 2270 767 2337 F.
800 2274 1008 2355 Tropaeum,
1034 2271 1138 2350 juata

391 2376 481 2453 quod
503 2377 655 2456 captivus
675 2380 790 2449 stans,
814 2375 891 2434 inde
913 2393 1031 2434 currus
1042 2372 1141 2461 falce

392 2486 523 2538 serrata
540 2477 700 2539 munitus.
723 2474 794 2538 AR.
813 2471 989 2554 (Marulli.)

555 2576 626 2638 11'1'.
667 2576 774 2656 Caput
802 2578 956 2648 Veneris,
988 2573 1022 2634 in
1049 2571 1136 2634 aliis:

358 2752 370 2765 ,
514 2715 515 2718 =
555 2689 658 2758 eaput
674 2677 835 2739 muliebre
850 2676 1009 2740 uelatum.

377 2803 380 2807 ·
395 2777 578 2842 CAESAR.
598 2771 792 2859 Tropaeum,
801 2777 903 2856 jassa
917 2778 1091 2856 secespita,
1105 2773 1139 2833 in

316 2896 319 2903 ’
394 2879 477 2943 alio:
506 2880 663 2959 Captivus
684 2879 778 2940 turns·
798 2879 923 2939 sedens.
944 2873 1017 2943 AV.
1040 2877 1138 2949 (Mus.

394 2983 531 3045 Farnes.
545 2994 577 3043 et
589 2980 800 3062 Barthelemy
814 2998 855 3041 ex
871 2999 952 3042 mus.
968 2998 1039 3059 reg.
1054 2976 1138 3042 Gall.

393 3085 434 3146 Β.
448 3084 488 3147 L.
506 3085 601 3145 Tam.
615 3083 718 3146 XXX.
738 3105 770 3165 p.
782 3083 870 3161 374.)
893 3082 962 3142 All.
982 3078 1080 3142 obvii.

459 3181 545 3263 Typi
576 3180 723 3242 Caesaris
757 3180 907 3244 victorias
940 3180 1138 3262 praedicant.

280 3342 285 3352 ,
351 3298 358 3305 “
395 3287 432 3343 ln
453 3301 555 3342 numo
575 3283 615 3346 11.
639 3281 758 3342 Caesar
779 3279 866 3343 nude
889 3281 979 3344 lMP.
1006 3279 1140 3357 dicitur,

393 3385 428 3444 in
449 3374 504 3446 1114
526 3395 633 3444 autem
656 3382 744 3445 ΙΜΡ.
768 3383 899 3457 1TER.‚
929 3381 971 3442 de
998 3402 1066 3465 qao·
1089 3404 1141 3445 va·

395 3484 447 3546 rio
470 3482 569 3547 modo
591 3499 723 3567 agemus
744 3482 828 3545 infra
846 3480 906 3545 sub
926 3483 1020 3544 titulo
1038 3483 1141 3567 Impe-

382 3597 500 3649 rator.
542 3585 730 3654 Verisimile
763 3597 831 3662 est,
869 3585 957 3668 quod
989 3585 1142 3650 observat

396 3686 605 3764 Vaillantius,
628 3701 799 3770 tropaeum
816 3687 906 3748 numi
923 3689 978 3751 111.
995 3686 1143 3750 referen-

397 3788 475 3851 dum
498 3787 538 3851 ad
560 3789 729 3853 victoriam
755 3789 930 3864 Gallicam,
961 3802 995 3851 et
1018 3786 1143 3857 adstati-

396 3903 465 3953 tem
488 3890 648 3973 captivum
670 3912 741 3953 esse
760 3890 1068 3975 Vercingetorigem
1090 3912 1143 3954 re·

398 3997 491 4076 gem,
515 3992 571 4075 qui
589 3983 705 4054 Aleria
725 3992 867 4076 captain
887 3993 1033 4055 Caesaris
1053 4006 1143 4076 pote·

397 4087 512 4158 starem
528 4093 634 4170 venit,
649 4115 667 4156 a
685 4114 749 4177 quo
765 4092 806 4156 ad
821 4093 1025 4177 triumphum
1037 4113 1142 4156 reser-

395 4211 504 4274 vatus,
536 4216 575 4260 ac
599 4208 673 4277 post
698 4215 773 4256 eum
797 4196 839 4261 V.
859 4196 895 4261 C.
921 4198 984 4278 708
1008 4209 1143 4259 necatas

398 4311 449 4361 est
467 4294 512 4379 b).
543 4294 676 4360 Literee
702 4300 772 4360 ΙΙΤ.
798 4297 889 4359 numi
911 4286 1069 4379 postremi
1091 4318 1143 4360 ae·

396 4401 506 4484 stigma
528 4398 683 4463 offerunt.
709 4401 773 4462 Eas
791 4397 997 4476 Vaillantius,
1021 4399 1142 4482 aliique

396 4494 653 4584 interpretantur
680 4503 720 4564 11.
752 4501 952 4584 Tropaeum,
983 4513 1016 4562 et
1044 4500 1144 4583 conjif

1189 651 1296 728 ciunt,
1321 617 1429 714 usitari
1446 649 1499 729 id,
1523 648 1611 736 quod
1627 662 1737 713 narrat
1752 647 1836 727 Dio,
1858 648 1936 714 Cae·
1963 641 1975 668 ‘⁴

1190 774 1297 815 sarem
1312 751 1399 818 nicto
1415 751 1593 817 Pharnaces
1603 770 1645 814 eo
1661 751 1754 828 loco,
1777 771 1843 836 quo
1861 769 1934 816 ante

1190 876 1291 918 annos
1307 855 1419 937 plures
1429 854 1578 927 „arianus
1593 875 1610 916 a
1623 851 1816 916 Mithridate
1831 853 1934 916 victus

1191 968 1277 1031 erat,
1303 975 1377 1017 cum
1401 975 1463 1038 per
1486 953 1684 1036 religionem
1706 973 1773 1016 nou
1797 955 1936 1018 auderet
1980 1020 1982 1025 ,

1188 1056 1280 1139 ‘regis
1297 1069 1494 1140 tropaeum,
1524 1045 1645 1140 quippe
1663 1054 1763 1116 Marti
1789 1077 1935 1133 sacrum,

1188 1158 1265 1221 loco
1286 1177 1440 1234 movere,
1467 1158 1605 1222 alterum
1624 1158 1848 1220 Romanorum
1870 1172 1937 1221 tro-

1190 1278 1307 1344 paeum
1319 1257 1411 1341 juxta
1427 1257 1586 1335 statuisse,
1603 1257 1692 1343 quod
1706 1248 1790 1322 adeo
1807 1281 1851 1340 τῳ
1866 1261 1936 1324 ΙΙΤ.

1191 1358 1401 1435 iudicaretur.
1434 1359 1573 1422 Attum
1596 1355 1660 1423 liae
1687 1358 1805 1423 literae
1830 1360 1938 1443 potius

1193 1473 1347 1542 tropaeo,
1370 1460 1595 1527 nonVencris
1618 1460 1715 1544 capiti
1737 1460 1868 1524 fuerant
1885 1463 1939 1531 arl-¹

1194 1560 1386 1624 stituendae.
1408 1548 1652 1643 Havercampus
1668 1562 1708 1650 5¹¹.
1720 1561 1785 1624 hoe
1802 1574 1938 1647 tropaeo

1194 1684 1283 1726 arma
1297 1662 1405 1746 potius
1418 1662 1645 1746 Hispaniensis
1658 1662 1764 1741 videt,
1787 1685 1826 1728 ae
1842 1686 1938 1749 prop·

1192 1777 1286 1828 terea
1310 1763 1504 1827 referendos
1525 1766 1633 1848 potins
1662 1765 1724 1828 hos
1752 1786 1871 1832 numos
1901 1769 1940 1831 ad

1116 1887 1118 1892 ¹
1194 1864 1363 1931 victoriam
1380 1865 1421 1929 de
1433 1866 1585 1949 Hispanis
1595 1867 1744 1942 relatam,
1760 1867 1855 1950 cujus
1870 1889 1940 1931 seu·

1182 1968 1315 2030 tentiae
1338 1968 1465 2030 accedit
1482 1988 1612 2052 quoque
1629 1962 1881 2051 Barth'elemyus
1903 1982 1938 2046 c).

1195 2069 1285 2129 Nihil
1304 2069 1459 2132 hactenus
1478 2068 1678 2152 expeditum.
1704 2070 1808 2133 Forte
1831 2071 1940 2135 verius

1195 2168 1376 2252 significant
1392 2168 1436 2246 id,
1455 2169 1592 2253 quadiu
1608 2192 1706 2234 numo
1719 2171 1940 2254 praecedente

1195 2271 1324 2354 plenius
1341 2271 1497 2354 scriptum
1516 2285 1586 2340 est:
1600 2274 1695 2338 taff.
1713 2275 1830 2339 ITER.
1855 2273 1944 2343 Vide'

1199 2372 1293 2456 plura
1307 2372 1391 2435 infra
1407 2371 1447 2436 ad
1463 2373 1592 2438 titulum
1607 2374 1835 2456 Imperatoris·

1381 2579 1421 2639 V·
1439 2577 1474 2640 C·
1489 2595 1562 2659 707·
1585 2578 1631 2640 A.
1646 2575 1692 2640 X·
1707 2585 1762 2659 tr·
1794 2583 1799 2588 '

1315 2766 1319 2773 Ι
1363 2678 1458 2741 cos.
1476 2678 1522 2739 rr.
1546 2678 1668 2741 oran
1687 2679 1713 2740 1.
1732 2678 1780 2742 ιτ.

1360 2879 1397 2945 C.
1412 2879 1594 2945 CAESAR.
1611 2881 1698 2944 tttP.
1714 2877 1810 2945 COS.
1824 2879 1939 2941 ITER.

1363 2982 1470 3063 Caput
1488 2985 1637 3048 Veneris.
1690 3039 1696 3044 .

1196 3081 1236 3144 A.
1255 3081 1486 3174 ALLIENYS.
1503 3081 1605 3148 PIlO.
1625 3081 1720 3148 COS.
1747 3085 1812 3145 Vir
1833 3084 1940 3143 nutias

1189 3184 1227 3244 d.
1243 3186 1325 3264 pede
1341 3205 1463 3268 prorae
1480 3189 1577 3247 navis
1595 3187 1756 3247 insistens
1770 3183 1803 3246 d.
1823 3179 1940 3261 triade·

1198 3287 1285 3345 tram
1303 3297 1402 3349 tenet.
1423 3285 1494 3350 AR.
1513 3287 1610 3359 (Mus.
1630 3285 1739 3360 Caes.)

1259 3385 1311 3447 De
1340 3399 1433 3468 parte
1462 3407 1576 3452 aversa
1603 3386 1728 3470 egimus
1765 3384 1800 3446 iu
1837 3385 1940 3448 sumis

1201 3484 1321 3549 Alieni.

1456 3618 1476 3654 fi
1561 3569 1610 3642 *<
1665 3616 1684 3652 θ
1750 3627 1754 3630 ·

1262 3687 1355 3750 Alios
1380 3688 1475 3776 hujps
1498 3687 1574 3753 anni
1600 3701 1709 3772 certos
1735 3709 1853 3752 numos
1876 3709 1941 3749 nan

1197 3787 1367 3854 hahemus.
1405 3788 1496 3880 Quos
1534 3772 1767 3855 Medicbarhus
1796 3792 1860 3852 huc
1887 3810 1940 3850 va·
1993 3779 1996 3782 ⁴

1200 3904 1269 3967 eat,
1304 3903 1358 3952 aut
1398 3889 1564 3952 Goltziani
1599 3905 1689 3970 sunt,
1727 3905 1784 3956 ant
1817 3904 1941 3955 certum
1972 3937 1977 3950 .

1199 4012 1261 4074 pro
1277 3991 1341 4054 hoe
1352 4012 1440 4054 anno
1456 3993 1625 4055 criterium
1641 4014 1706 4055 nan
1724 3991 1941 4077 suppeditant.

1201 4093 1309 4185 Quem
1346 4092 1490 4155 Oiselius
1526 4093 1602 4159 citat
1636 4095 1837 4180 inscriptum·
1858 4097 1941 4158 DIC.

1199 4196 1315 4258 1'l‘ER.
1353 4194 1449 4276 (Tali.
1467 4197 1618 4287 adum)
1655 4197 1721 4259 huc
1760 4196 1942 4280 pertineret

1188 4295 1347 4381 quidem,
1364 4297 1423 4357 sed
1444 4295 1519 4360 eum
1540 4318 1698 4392 nusquam
1718 4297 1798 4365 alibi
1824 4297 1944 4360 descri-

1199 4412 1289 4482 ptum
1311 4398 1463 4476 invenio,
1487 4414 1521 4463 et
1545 4400 1632 4462 sorte
1655 4401 1701 4463 sic
1722 4388 1833 4486 iniquis
1859 4401 1941 4461 lecta

1200 4500 1378 4585 epigraphe
1394 4521 1460 4589 pru¹
1477 4502 1593 4567 DICT.
1609 4504 1710 4573 TER.

433 4714 463 4778 a)
484 4708 585 4781 Satyra
600 4706 664 4766 ΧΠ.
680 4727 708 4763 v.
720 4659 821 4772 1⁸06.⁴
883 4708 917 4780 b)
939 4706 1087 4766 Plutarch.
1103 4707 1168 4765 nto.
1271 4709 1301 4778 e)
1320 4705 1380 4765 l.c.
