3998 5340
829 446 1197 522 HADRIANVS.

232 633 298 679 tum
318 616 492 702 opinentur
510 629 703 701 propterea,
722 615 875 700 quoniam
893 628 976 681 testa

231 720 562 802 Spartinnefrigora,
578 728 610 780 et
628 729 839 800 tempestates
853 724 905 782 ita
917 740 978 802 pa·

230 822 467 896 tienlertulit,
481 833 519 881 ut
536 840 703 899 nunquam
720 833 819 903 eaput
837 830 973 903 tegeret.

230 923 312 986 Cum
329 941 393 1007 quo
411 922 572 986 consentit
586 936 621 986 et
637 921 702 985 Dio
718 922 762 1005 ·)s
780 923 874 985 nullo
888 922 977 984 calo·

228 1047 281 1102 re,
300 1023 393 1086 nullo
404 1024 554 1107 frigore,
572 1038 610 1088 ut
626 1028 735 1107 eapite
751 1036 863 1107 operto
879 1036 975 1101 esset,

228 1127 352 1188 adduci
360 1129 526 1208 potuisse,
545 1146 622 1189 nam
639 1138 673 1195 et
688 1129 778 1190 inter
793 1128 888 1190 niues
905 1127 975 1191 oet·

228 1231 330 1303 ticos,
356 1238 388 1288 et
407 1228 535 1290 calores
552 1230 742 1309 Aegyptios
760 1229 847 1291 nudo
866 1233 975 1310 eapite

229 1329 423 1390 ambulavit.
447 1326 608 1421 Quaeres
625 1327 656 1390 ei
669 1328 753 1392 male
768 1328 884 1409 tertit3
900 1350 974 1391 nam

226 1443 311 1493 teste
332 1429 452 1492 iterum
469 1430 641 1513 Spartiano
659 1434 847 1513 peragratis
871 1434 975 1492 omni·

226 1533 287 1593 bus
303 1534 456 1614 partibus
477 1535 586 1615 eapite
605 1534 709 1607 nudo,
731 1544 764 1592 et
783 1535 819 1593 in
838 1537 975 1594 summis

220 1635 414 1717 plerumque
437 1635 597 1695 imbribus
619 1644 717 1710 atone
728 1634 921 1716 frigoribus
936 1635 975 1694 in

226 1737 374 1795 morbum
393 1735 515 1808 incidit
533 1733 721 1795 lectualem.

267 1837 306 1894 ll.
337 1833 423 1897 Novi
451 1834 548 1896 ctiam
574 1832 675 1895 moris
702 1846 752 1896 eet
777 1847 876 1917 caput
901 1834 975 1897 bar·

226 1935 351 2008 batum,
379 1934 569 1997 testantibus
591 1933 678 1996 istud
702 1951 768 1997 non
790 1936 895 1997 solum
916 1957 974 1997 nu·

225 2037 304 2112 mis,
335 2034 394 2100 sed
419 2036 542 2101 diserte
567 2036 664 2101 etism
690 2036 799 2100 mone
823 2034 882 2119 ι))ι·
905 2039 973 2100 Ha·

224 2141 365 2226 rirs'onur⁸
380 2143 486 2216 enim,
509 2139 573 2214 ait,
592 2144 721 2221 primus
735 2143 972 2219 imperatorum

222 2242 357 2301 barbam
379 2245 546 2320 promisit.
578 2240 736 2308 Videmus
759 2234 899 2325 quidem·
913 2239 973 2301 eti-

222 2362 273 2404 am
299 2354 365 2404 tam
388 2341 544 2425 Augusti,
577 2361 673 2424 quam
698 2341 840 2405 Neronis
868 2362 969 2425 genas

220 2444 253 2502 in
279 2445 385 2506 nnmis
405 2443 540 2507 barbula
560 2443 689 2519 vestiri,
712 2442 771 2506 sed
790 2444 823 2504 in
840 2443 908 2520 his,
934 2457 969 2507 nt

221 2544 380 2620 diximus,
409 2565 504 2606 eausa
527 2542 587 2606 luit
609 2558 664 2605 aut
685 2544 808 2621 luctus,
834 2559 889 2608 aut
912 2565 969 2628 po·

221 2646 349 2708 nendae
378 2645 556 2708 seeundum
586 2658 732 2708 veterem
761 2645 970 2707 eonsuetudi-

220 2768 297 2810 nem
317 2746 438 2809 barbae
459 2760 547 2810 aetas
565 2746 709 2810 nondum
729 2760 864 2812 matura.
887 2745 968 2827 Ejus

218 2852 255 2912 in
276 2849 443 2923 Hadriano
467 2848 567 2918 moris
592 2868 719 2915 oausam
744 2845 853 2921 statuit
871 2846 968 2929 Spar·

219 2955 342 3028 tianns,
368 2969 404 3014 ut
424 2953 580 3026 vulnera,
603 2971 686 3030 quae
705 2954 741 3018 in
753 2952 858 3033 faeie,
871 2960 968 3010 erant

219 3055 413 3129 naturalia,
436 3067 571 3136 regerat.
602 3054 647 3115 At
667 3050 754 3114 enim
776 3050 870 3115 sliam
891 3049 965 3114 haic

222 3160 292 3240 ejus
317 3156 465 3218 instituto
488 3175 616 3217 causam
640 3152 775 3216 subesse
800 3152 964 3236 suspicor,

219 3260 373 3322 nimirum
395 3257 484 3341 quod
511 3254 738 3340 philosophiae
764 3254 867 3318 studia
892 3274 966 3338 per·

220 3363 357 3425 tinacins
383 3358 551 3445 professus
576 3372 661 3432 erat,
691 3379 786 3442 qnam
812 3356 867 3441 qui
890 3376 966 3440 pro·

218 3465 299 3529 fessi
329 3477 422 3538 sunt,
461 3460 596 3524 barbam
627 3460 718 3522 alere
750 3478 964 3526 consuevere·

220 3569 327 3651 Atque
354 3566 388 3625 in
412 3564 472 3626 bac
496 3563 593 3625 etiam
618 3573 728 3624 mente
750 3560 850 3624 fuisse
872 3561 966 3623 lulia-

219 3689 298 3731 num
315 3669 514 3750 Augustum,
530 3664 614 3726 «satis
633 3681 676 3724 ex
695 3664 735 3725 iis
752 3677 857 3747 patet,
881 3684 963 3748 qnae

221 3774 255 3832 in
266 3766 456 3832 Caesaribus
469 3766 535 3829 suis
543 3765 710 3829 Hadriano
720 3765 875 3848 oblectat:
887 3777 966 3847 post

219 3877 307 3934 leuno
320 3868 526 3954 (Traianum)
537 3872 751 3952 progreditur
765 3871 818 3931 vir
827 3869 965 3948 prolixo

220 3973 324 4038 barba
343 3974 557 4036 venerandus.
577 4004 591 4019 ·
610 4003 624 4022 ·
644 4003 659 4019 ·
680 3971 778 4033 Hunc
800 3989 874 4030 cum
893 3989 965 4032 sae

215 4080 295 4159 pius
308 4076 345 4137 ln
359 4072 487 4136 eoelum
496 4072 616 4134 oculos
630 4073 849 4147 attollentem,
866 4092 965 4134 aoso·

217 4181 315 4242 licite
338 4173 470 4241 occulto
496 4174 716 4250 inquirentem
740 4178 964 4253 conspexisset

220 4282 369 4353 Silenus,
387 4276 590 4355 quidnobis,
609 4276 676 4350 ait,
695 4277 897 4343 videturlrie
911 4299 962 4342 ro·

215 4383 353 4464 plrista?
372 4379 457 4442 Sane
474 4387 617 4470 constat,
636 4374 836 4441 Hadrianum
855 4378 962 4463 sophi·

217 4499 298 4561 stas,
315 4482 379 4557 nisi
394 4502 476 4567 quos
491 4492 628 4565 propter
642 4478 796 4544 invidiam
811 4482 960 4547 acerbius

1708 470 1780 542 485

1034 616 1163 695 babuit,
1196 618 1342 700 impense
1372 617 1514 697 fovisse,
1546 633 1643 705 atque
1674 622 1781 707 ipsum

1034 721 1140 784 reiert
1162 720 1349 802 Spartianus
1375 720 1461 803 apud
1486 721 1716 788 Alexandriam
1744 726 1780 787 in

1033 842 1148 885 museo
1171 821 1287 910 multas
1308 822 1516 905 quaestiones
1535 823 1780 908 professoribus

1033 923 1264 1008 proposuisse,
1296 935 1330 986 et
1359 924 1541 1008 propositas
1573 924 1779 1004 dissolvisse,

1017 1046 1140 1121 ,neque
1164 1025 1226 1091 alia
1249 1045 1345 1090 eausa
1361 1026 1423 1090 fuit
1442 1026 1523 1089 tanti
1541 1026 1612 1109 ejus
1627 1026 1662 1087 in
1678 1027 1782 1092 Athe·

1027 1150 1090 1201 ,nas
1107 1127 1231 1190 Atticas
1247 1126 1413 1209 adfectus,
1436 1126 1498 1189 nlsi
1520 1128 1607 1212 quod
1632 1148 1704 1191 eam
1727 1150 1782 1191 ur·

1032 1226 1109 1290 bem
1146 1229 1373 1311 philosophiae
1415 1228 1519 1293 studia
1561 1227 1602 1293 ab
1646 1228 1805 1312 antiquo.

1032 1329 1316 1397 commendavere.
1361 1330 1421 1393 His
1459 1351 1533 1394 cum
1566 1340 1601 1393 et
1638 1329 1780 1414 proximi

1032 1431 1332 1514 ejus‘sueeessores
1353 1433 1494 1515 Augusti
1522 1432 1618 1509 enixe
1644 1451 1779 1496 vacate·

1032 1534 1097 1596 rint
1117 1536 1216 1622 Ι(ιιειιιι
1245 1554 1316 1596 eam
1344 1536 1482 1596 aetatem
1509 1532 1644 1615 proprie
1670 1532 1778 1615 sophi·

1019 1648 1152 1708 ntorum
1169 1634 1281 1697 dicere
1298 1637 1499 1716 possumus),
1516 1634 1650 1695 barbam
1665 1647 1697 1694 et
1715 1634 1777 1716 ipsi

1030 1734 1176 1812 alebant,
1202 1735 1266 1796 nisi
1289 1734 1375 1796 lorte
1397 1747 1431 1796 et
1453 1732 1514 1796 hos
1534 1733 1615 1799 velit
1637 1735 1778 1816 Spartia-

1031 1858 1092 1899 nus
1120 1836 1279 1899 naturalia
1306 1836 1340 1897 in
1369 1835 1452 1899 facie
1484 1836 1621 1899 vulnera
1654 1835 1774 1898 barbae

1030 1939 1106 2004 velo
1135 1938 1277 2003 voluisse
1305 1937 1475 2022 obtegere.
1515 1937 1564 2000 Ea
1592 1937 1699 1999 cultus
1727 1958 1777 1998 ra·

1029 2041 1077 2102 tio
1103 2059 1145 2102 ex
1168 2039 1396 2124 philosophiae
1422 2039 1513 2103 cultu
1537 2059 1623 2101 nnnc
1646 2039 1774 2102 inrecta

1029 2139 1115 2224 apud
1139 2156 1289 2226 posteros
1316 2142 1481 2224 principes
1506 2141 1539 2201 in
1568 2140 1774 2203 consuetudi·

1028 2265 1106 2305 nem
1135 2244 1232 2320 abiit,
1272 2246 1318 2307 sic
1349 2257 1385 2305 ut
1413 2244 1447 2304 in
1477 2242 1613 2324 longum
1644 2255 1773 2324 tempus

1029 2346 1125 2409 etiam
1141 2345 1357 2428 imperatores
1374 2345 1413 2419 ii,
1437 2340 1494 2428 qui
1516 2328 1661 2407 omnium
1681 2343 1776 2417 mini·

1027 2467 1082 2509 me
1097 2447 1283 2530 philosophi
1295 2459 1417 2524 essent,
1430 2444 1563 2510 barbam
1575 2459 1683 2508 tamen
1697 2463 1772 2526 pro·

1027 2549 1206 2631 mitterent.
1491 2564 1493 2571 ·
1730 2615 1733 2623 ,

1042 2635 1122 2709 ‘'111.
1154 2650 1188 2709 Si
1216 2647 1402 2730 quisvolet
1426 2660 1589 2709 monetam
1615 2645 1773 2709 Hadriani

1026 2750 1179 2816 attentius
1216 2748 1412 2822 observare,
1455 2746 1552 2810 facile
1590 2747 1771 2829 intelliget,

1025 2849 1057 2909 in
1083 2849 1189 2911 numia
1215 2850 1401 2912 consulatus
1424 2851 1447 2911 Ι.
1464 2862 1497 2910 et
1515 2851 1555 2912 11.
1578 2867 1772 2928 comparere

1023 2950 1131 3033 potius
1152 2949 1308 3012 Hadriani
1326 2962 1520 3033 protomen,
1547 2968 1640 3033 quam
1659 2963 1771 3031 caput,

1024 3051 1147 3116 collum
1172 3051 1324 3134 intelligo
1351 3050 1542 3135 productius
1571 3049 1678 3111 addita
1707 3070 1772 3111 sna-

1022 3154 1094 3235 jore
1115 3166 1206 3236 parte
1224 3150 1389 3236 pectoris,
1412 3166 1446 3217 et
1463 3151 1640 3237 tergoris„
1652 3164 1720 3213 tum
1738 3165 1772 3213 et

1023 3255 1141 3319 faeiem
1169 3257 1202 3318 in
1230 3256 1281 3318 bis
1307 3254 1705 3332 nonnihilmaeilentam,
1735 3269 1771 3320 et

1022 3374 1169 3422 mentum
1199 3357 1340 3433 acutius,
1376 3355 1418 3420 ad
1447 3359 1530 3422 baec
1558 3347 1699 3419 additam
1730 3359 1769 3418 si·

1022 3461 1093 3523 mili
1116 3483 1251 3545 προιομῃ
1276 3457 1522 3541 inscriptionem
1548 3456 1693 3527 nondum
1719 3478 1770 3528 oa·

1022 3578 1112 3648 ptum
1138 3585 1198 3647 per
1221 3561 1430 3644 adoptionem
1448 3559 1629 3628 'sustitit
1647 3579 1768 3621 nornen

1022 3668 1193 3740 omittere,
1216 3662 1303 3748 quod
1324 3661 1498 3745 deinceps,
1522 3660 1577 3739 ubi
1600 3675 1696 3744 capnt
1718 3677 1769 3739 est

1023 3783 1162 3845 tantum,
1194 3782 1229 3830 et
1255 3786 1320 3829 non
1348 3765 1485 3849 amplius
1513 3782 1569 3838 ea,
1600 3785 1695 3848 quam
1721 3763 1768 3825 di·

1021 3870 1073 3947 xi,
1115 3882 1284 3953 protome,
1332 3881 1428 3951 atque
1454 3863 1553 3926 ‘illud
1597 3860 1764 3948 pinguius,

1020 3986 1208 4037 constanter
1228 3971 1330 4036 abest.
1368 3971 1412 4031 Et
1437 3968 1518 4033 haee
1546 3966 1677 4052 quidem
1701 3982 1765 4030 tarn

1018 4074 1154 4159 eapitis,
1182 4095 1278 4158 quam
1300 4072 1497 4156 epigraphes
1520 4069 1686 4173 peristasis
1706 4070 1765 4130 ob·

1020 4191 1170 4241 servator
1198 4175 1303 4239 adbuc
1330 4173 1364 4234 in
1391 4172 1556 4236 nonnullis
1579 4171 1765 4234 consulatus

1019 4281 1074 4341 lll.
1103 4278 1221 4343 numia.
1264 4277 1315 4338 Es
1346 4295 1411 4360 quo
1440 4273 1663 4348 menifestum,
1699 4274 1765 4356 pri·

988 4425 990 4428 >
1019 4382 1080 4445 mis
1105 4380 1289 4446 consulatus
1316 4381 1371 4443 111.
1399 4377 1491 4440 annis
1519 4388 1681 4440 retentum
1710 4376 1764 4437 ad·

1018 4483 1083 4547 bue
1103 4495 1250 4546 veterem
1274 4493 1308 4542 et
1329 4478 1461 4563 ospitis,
1487 4492 1528 4542 et.
1541 4478 1762 4562 inscriptionis

252 4698 282 4765 a>
303 4693 333 4747 ι.
354 4689 452 4747 cxix.
470 4693 534 4764 ao.
610 4688 644 4749 ιι
663 4691 696 4768 n.
713 4686 842 4744 nxvsn.
860 4693 882 4762 t.
899 4704 940 4752 ts.
1021 4735 1029 4754 .
