4012 5370
884 435 1090 508 oanan
1696 463 1809 542 29,-

220 637 256 679 ac
281 611 457 695 disciplina
473 605 604 669 militari
622 624 686 666 non
705 603 873 688 vulgarem
893 605 963 667 aba·
1021 605 1062 670 V.
1078 602 1113 668 C.
1134 605 1194 665 esu
1218 603 1258 686 d).
1291 605 1426 670 Causam
1446 631 1506 693 per·
1526 612 1766 693 seltenestam,

219 716 311 789 tulit,
350 734 388 776 ac
426 712 567 793 <lenique
606 706 745 769 oblatam
781 729 798 768 a
829 708 962 768 Nerone
1020 725 1127 788 neque
1145 704 1303 788 ingratam
1326 712 1449 793 populo
1475 713 1588 776 innata.
1606 715 1669 776 ,ibi
1693 738 1767 782 m.

221 820 502 880 Tarraconensem
531 810 725 892 Hispaniam·
756 808 842 871 varia
878 806 963 869 sama
1021 807 1095 868 ritia
1117 808 1272 890 corrupit.
1311 811 1392 872 Nam
1415 833 1489 876 cum
1510 817 1679 900 proposito
1706 817 1766 880 mi.

219 917 465 984 administravit.
496 913 662 975 Excitatus
685 932 702 971 a
726 909 864 975 Vindice
889 908 964 969 Gal·
1020 907 1130 969 litibus
1146 906 1215 971 filio
1232 910 1351 974 Pisone
1366 934 1409 976 ue
1426 927 1503 978 tunc
1520 917 1667 1000 quidem,
1690 941 1768 985 cum

220 1022 337 1083 liarum
367 1015 533 1099 praeside,
566 1028 602 1075 ut
623 1011 797 1095 imperium
819 1030 880 1093 pro
901 1011 965 1072 Ne·
1023 1009 1170 1072 maxime
1204 1025 1331 1096 tempus
1372 1009 1578 1098 postularet,
1622 1019 1767 1085 donativi

220 1143 303 1184 rone
324 1121 512 1201 acciperet,
535 1111 961 1197 repugnaritaliquamsliu,
1024 1105 1222 1175 mentionem
1260 1113 1402 1190 faceret,
1450 1131 1587 1181 recente
1627 1122 1770 1184 militum

220 1244 258 1287 ac
278 1237 347 1284 turn
370 1220 510 1303 denique
533 1216 713 1289 consensit,
744 1234 817 1276 curu
848 1233 965 1276 necem
1024 1215 1100 1276 odio
1122 1213 1314 1296 tempestivo
1332 1235 1408 1277 usus
1426 1217 1514 1279 Otho
1532 1239 1632 1304 auger
1650 1224 1768 1301 animo,

224 1325 284 1386 sibi
299 1348 317 1386 a
333 1326 475 1385 Nerone
493 1318 600 1401 parari
623 1315 785 1377 intellexit
806 1319 844 1394 α).
873 1317 964 1398 Ergo
1024 1312 1112 1398 quod
1139 1330 1273 1398 praeter
1298 1334 1390 1397 spem
1418 1317 1516 1380 alium
1541 1343 1559 1383 a
1583 1322 1684 1386 Galba
1715 1325 1770 1388 ad·

221 1445 401 1489 conscenso
429 1421 583 1484 tribunali
610 1418 748 1479 militum
776 1436 857 1480 voce
884 1416 967 1477 salu·
1025 1429 1168 1497 optatum
1197 1417 1297 1493 vidit,
1336 1431 1531 1501 sextopost
1562 1424 1770 1508 adoptionem

222 1541 314 1590 latus-
330 1527 509 1607 imperator
531 1520 660 1582 nonnisi
682 1520 824 1602 legatum
852 1539 887 1581 se
915 1539 975 1588 se·,
1024 1517 1078 1578 slie
1101 1533 1205 1580 castra
1228 1533 1374 1602 occupat.
1405 1522 1578 1585 Conversis
1597 1524 1630 1585 in
1648 1547 1772 1592 norum

221 1642 314 1690 uatus
350 1626 527 1710 populique
559 1624 600 1684 R.
636 1619 804 1704 professus
840 1635 890 1681 est
919 1618 964 1700 b).
1023 1618 1205 1700 principem
1234 1619 1347 1682 animis
1375 1642 1451 1683 mox
1478 1621 1627 1687 desertus
1656 1648 1674 1688 a
1702 1629 1769 1691 auis

222 1733 421 1813 Comperto,
462 1723 680 1792 Vindicem-a
709 1721 858 1804 Verginii
889 1720 971 1782 Rufi,
1024 1719 1127 1782 Galba
1157 1742 1219 1782 una
1247 1740 1320 1782 cum
1348 1722 1417 1786 lilio
1439 1724 1674 1790 occiditurdie
1697 1730 1770 1796 XV.

222 1827 416 1895 Germaniae
438 1827 537 1911 legati
561 1823 663 1906 copiis
687 1823 806 1886 victum
827 1836 973 1884 mortem
1024 1821 1163 1883 Ianuarii
1186 1823 1229 1888 V.
1250 1825 1288 1888 C.
1313 1824 1442 1908 δαν),
1479 1827 1559 1910 Ejus
1585 1826 1773 1912 ingenium,

224 1934 283 1997 sibi
299 1931 515 2004 conscivisse,
537 1947 649 2011 parum
672 1924 800 1999 aberat,
824 1925 901 2007 quin
922 1923 968 1988 ri-
1025 1943 1062 1987 ae
1082 1922 1227 1985 indolem
1247 1923 1435 2008 eleganter,
1463 1945 1500 1989 ao
1519 1929 1629 2010 paneis
1650 1928 1772 1994 descri-

223 2049 275 2098 tae
298 2031 527 2107 renunciaret3
559 2029 617 2089 aad
643 2046 718 2086 mox
743 2025 867 2100 audito,
896 2046 970 2088 cae·
1024 2024 1072 2085 bit
1089 2026 1219 2087 Tacitus
1240 2024 1278 2106 ¹).
1303 2025 1484 2090 Tradidere
1505 2029 1665 2113 plerique,
1684 2053 1775 2095 mor«

224 2158 294 2199 sum
315 2137 438 2195 Romae
456 2134 637 2207 Neronem,
663 2140 695 2189 et
713 2128 899 2191 universum
917 2148 968 2188 se·
1026 2140 1115 2189 tuum
1139 2125 1275 2188 Galbam
1300 2128 1413 2190 aetatis
1440 2130 1709 2210 annoLllell„
1739 2148 1773 2198 at
1883 2173 1885 2178 ,
1969 2135 1973 2141 ⁴

224 2251 333 2301 uatum
365 2236 398 2295 in
429 2233 528 2298 rooba
557 2254 613 2293 sue
644 2231 785 2311 jurasse,
826 2227 968 2309 suscepit
1003 2225 1161 2289 ‘difficile
1192 2241 1267 2303 est,
1293 2227 1380 2292 bunc
1411 2212 1569 2293 annorum
1587 2254 1775 2299 *numerum

228 2341 382 2403 Caesaris
397 2334 647 2418 appellationem
664 2335 704 2413 ο).
727 2331 777 2395 Vt
790 2329 905 2392 urbem
922 2330 970 2389 in·
1027 2329 1213 2404 conficere,
1234 2329 1262 2392 si
1283 2314 1398 2395 verum
1421 2346 1498 2409 eso,
1517 2333 1614 2418 quod·
1627 2355 1668 2398 ex
1691 2339 1772 2401 Sue·

225 2451 441 2523 pressissem,
464 2435 572 2517 coepit
591 2429 902 2514 continuossagrare
921 2430 970 2491 in·
1026 2434 1117 2493 tonio
1143 2433 1340 2508 memoravi,
1376 2447 1485 2496 uatum
1511 2435 1646 2499 Galbam
1672 2439 1714 2504 V.
1733 2440 1769 2502 C.

225 2542 330 2615 vidia,
369 2538 454 2622 quod
486 2536 626 2599 atrocius
656 2534 693 2592 in
722 2533 836 2596 noxios
868 2532 969 2595 saeri-
1026 2531 1108 2611 751,
1134 2530 1175 2593 dc
1197 2552 1263 2614 quo
1281 2532 1373 2610 vide,
1396 2555 1479 2617 quae
1502 2537 1625 2601 notavit
1643 2538 1776 2604 Reima-

226 2657 292 2719 ret,
315 2654 349 2704 et
365 2639 590 2722 intempestiva
607 2630 801 2718 parsimonia
818 2633 971 2717 supplen·
1027 2653 1083 2695 rus
1101 2631 1141 2694 ad
1158 2632 1274 2695 Dionis
1290 2633 1329 2694 L.
1341 2634 1458 2704 Lx1v.
1477 2641 1502 2714 l.
1519 2659 1530 2697 r
1551 2651 1628 2702 uota
1640 2656 1672 2704 α.

227 2743 270 2806 (lo
284 2742 412 2806 aerario
432 2739 596 2816 studerct3
614 2736 896 2819 praetorianorum
915 2754 978 2799 ve·
1195 2747 1197 2750 ’
1266 2755 1267 2758 ’
1781 2779 1786 2822 t

226 2865 282 2919 ro,
309 2865 346 2907 ac
369 2842 506 2903 militurn
529 2839 651 2901 animoa
673 2839 768 2921 plane
789 2857 858 2898 ase
879 2856 971 2898 aver·
1787 2849 1788 2852 ¹

226 2946 265 3007 tit
293 2957 434 3027 negato,
474 2940 560 3025 quod
589 2939 759 3021 promeriti
790 2937 852 2999 sibi
881 2936 971 2998 vide·

226 3045 359 3120 bantm,
389 3043 551 3106 donativo.
591 3042 683 3124 Ergo
705 3038 898 3101 Germaniae
921 3058 973 3099 su·
1091 3033 1136 3094 Hi
1162 3033 1429 3119 chronologicam
1455 3036 1592 3102 classem
1613 3060 1679 3104 non
1706 3041 1774 3105 eui·

227 3148 368 3232 periuris
397 3145 491 3207 miles
519 3142 643 3225 primus
672 3141 862 3224 obsequium
884 3161 972 3201 rum·
1029 3150 1122 3219 gunt,
1139 3137 1289 3220 quoniam
1308 3139 1525 3202 omues-iutra
1541 3155 1667 3226 septem
1684 3163 1780 3206 men-

226 3270 307 3334 pere
327 3261 376 3311 cat
393 3269 502 3310 ausus.
529 3243 627 3334 Quod
647 3264 719 3306 cum
739 3253 827 3304 esset
841 3241 972 3303 nuncia·
1028 3240 1112 3299 sium
1129 3237 1266 3320 spatium
1286 3238 1402 3323 signati
1419 3255 1500 3305 suut·
1533 3246 1637 3329 Magis
1653 3257 1776 3320 tamen,

226 3364 294 3414 tum
315 3349 459 3425 Galbae,
489 3347 581 3427 isque
605 3365 640 3407 ae
663 3356 883 3426 contemptum
904 3363 970 3404 nou
1029 3358 1124 3423 quam
1152 3359 1212 3421 pro
1239 3353 1304 3402 tam
1329 3354 1419 3403 arcto
1443 3355 1611 3426 tempore,
1632 3345 1772 3409 Galbae

226 3465 363 3536 propter
392 3471 431 3512 ea
458 3448 551 3521 vitia,
584 3445 643 3508 sed
672 3457 894 3520 senectutem,
924 3457 970 3506 at·
1026 3439 1116 3501 numi
1139 3439 1279 3503 inomni
1304 3443 1436 3504 metallo
1460 3443 1630 3508 mundant.
1669 3448 1772 3510 Prae·

229 3574 290 3636 que
314 3552 487 3614 orbitatem
512 3547 687 3622 crederet,
712 3545 866 3608 Pisonem
887 3546 970 3607 Fru-
1026 3541 1119 3603 mitto
1136 3541 1401 3623 partesauticas3
1424 3555 1457 3604 at
1471 3565 1618 3623 aversas,
1642 3546 1778 3632 siquae

227 3652 504 3735 giLicinianum‚
534 3648 696 3723 nobilem,
731 3647 967 3731 egregiumque
1025 3641 1154 3702 nonnisi
1173 3638 1282 3718 obvia,
1305 3642 1428 3706 attrita
1448 3643 1608 3726 offerunt,
1630 3647 1771 3717 brevita-

228 3755 472 3818 adoleacentem
500 3749 668 3834 adoptavit·
686 3747 739 3811 die
767 3747 806 3808 a
829 3745 975 3810 Ianuarii.
1025 3742 1067 3804 tis
1084 3762 1180 3804 causa
1200 3741 1352 3807 omittere
1369 3742 1477 3826 jurat..

1320 2868 1468 2932 Numi:

991 3911 1011 3949 0

888 3959 910 3995 θ
1095 3953 1116 3991 f

228 4063 269 4122 Δ.
369 4056 529 4119 GALBA.
551 4048 780 4122 IMPERAT„
798 4049 977 4134 epigraphe
995 4047 1117 4124 rarior,
1136 4045 1170 4106 in
1183 4045 1253 4106 AR.

227 4162 266 4226 u.
369 4159 528 4221 canan.
551 4151 831 4228 nseunsrou,
852 4153 885 4212 in
908 4152 979 4216 aa.

230 4264 266 4326 C.
372 4260 529 4323 GALBA.
553 4258 641 4322 lllP.
662 4253 784 4318 CAES.
802 4252 902 4319 AVG.
922 4253 992 4316 llll.
1011 4250 1048 4311 P.
1067 4247 1245 4334 epigraphe
1259 4248 1366 4311 rarior
1384 4249 1418 4311 iu
1437 4247 1563 4316 suan.

267 4575 474 4644 slSuct.c.9.
548 4569 581 4639 b)
603 4568 776 4626 Suet.c.10.
847 4558 1073 4636 elsuet.c.ll.
1144 4560 1180 4633 d)
1199 4562 1293 4619 Tacit.
1307 4561 1413 4622 Hiscl.
1430 4570 1471 4625 18.
1541 4561 1771 4644 c)l.e.2'lscq⁵

233 4661 442 4735 Quantae.
560 4724 563 4730 ,

1384 4743 1483 4807 Oou
