4012 5370
843 420 1163 498 ANTINOVS

469 606 502 677 ι.
587 594 606 631 Ι

362 693 405 758 Η.
421 687 882 760 HATPIC.ANT1NO0T.
908 694 968 757 Co·

361 811 425 879 put
437 799 583 859 Antinoi
601 802 733 860 nudum.

218 896 416 965 ΚΟΙΝΟΝ.
427 893 691 960 ΒΕΙΘΤΝΙΑΟ.
717 898 881 979 Templum
894 909 968 960 octo

221 1006 464 1066 columnarum.
507 1002 580 1065 ΔΕ.
606 1022 649 1065 ιι.
674 1021 718 1063 ιι.
754 1012 788 1062 et
817 999 886 1062 AE.
915 1000 971 1061 111.

219 1104 334 1186 (Vaill.
353 1124 434 1165 mus.
452 1103 562 1182 Caes.)

1026 592 1116 655 sidit.
1147 589 1216 655 Sed
1236 592 1299 655 hoc
1319 590 1390 674 ejus
1411 538 1760 674 praesentandam
1751 590 1783 651 ia

1024 694 1131 759 onmis
1148 694 1243 778 hujus
1259 692 1349 756 urbis
1367 690 1519 763 refutari.

1167 894 1396 963 ocrllttoc.
1463 887 1780 958 MAPKeAAoc.

1168 994 1344 1064 terere.
1375 992 1482 1063 Tot.
1515 992 1781 1059 ANTINOOT.

1172 1103 1281 1181 Caput
1301 1102 1436 1164 nudum.

287 1205 395 1267 Patria
420 1204 571 1279 Antinoi,
608 1224 625 1265 a
652 1221 731 1284 qna,
767 1214 803 1264 ut
832 1212 972 1264 testatur
1028 1196 1619 1267 tricenaleroto-AXAIOIG.
1643 1198 1781 1287 Mercu·

223 1306 395 1386 inscriptio
414 1304 549 1381 anticae,
567 1303 601 1365 hi
617 1304 707 1364 numi
723 1303 869 1385 percussi
885 1316 970 1379 sunt,

221 1407 284 1469 fnit
304 1406 474 1487 Bithynia,
498 1419 554 1467 aut
579 1405 720 1468 arctiore
739 1425 838 1468 sensu
858 1405 970 1487 Bithy·

222 1509 312 1573 nium
339 1508 509 1590 Bithyniae
536 1507 708 1589 oppidum,
737 1504 779 1569 de
806 1528 871 1591 quo
894 1529 970 1592 pro·

222 1611 321 1673 xime.
347 1610 428 1671 Pars
453 1628 566 1672 aversa
587 1629 653 1670 non
675 1627 749 1671 raro
769 1611 913 1671 occurrit
934 1610 969 1671 in

221 1712 327 1775 nuruis
345 1709 518 1785 Hadriani,
539 1722 574 1772 et
592 1707 742 1799 Sabinae,
759 1710 850 1791 cujus
866 1711 955 1792 expli

224 1815 384 1879 cationum
401 1825 478 1895 pete
499 1831 540 1873 ex
561 1812 667 1875 numia
681 1811 846 1876 communi
858 1810 970 1896 Bithy·

225 1916 299 1983 niae
317 1917 449 1980 nomine
469 1913 604 1998 signatis
618 1917 660 1995 ⁸).

585 2013 607 2052 ῃ
847 2032 850 2037 .

482 2062 502 2102 ι
603 2100 609 2105 ,
690 2062 711 2102 ι

361 2115 506 2183 ΗΡΩΟ.
528 2114 779 2183 ANTINOOC.
798 2123 833 2182 in
851 2119 948 2183 aliis:

363 2216 407 2283 Η.
418 2214 606 2286 HATPIC.
621 2217 884 2286 ANTlNOON.
894 2217 969 2280 ΘΕ-

363 2315 440 2381 ΟΝ.
467 2320 574 2400 Cttput
594 2323 728 2384 nudum,

223 2414 488 2480 ΑΔΡΙΑΝΩΝ.
517 2415 801 2482 ΒΙΘΥΝΙΕΩΝ.
839 2421 972 2482 Mercu·

220 2521 293 2581 rias
308 2517 426 2594 rejecto
439 2530 516 2598 post
531 2531 659 2601 tergum
670 2520 813 2601 palliolo
828 2534 922 2583 stans
936 2523 968 2586 d.

217 2620 361 2701 palmae,
377 2639 405 2680 s.
420 2619 513 2679 oleae
533 2640 663 2681 romum
679 2632 776 2695 tenet,
793 2641 878 2699 porte
895 2636 969 2683 tou·

221 2743 289 2785 rus.
319 2723 389 2784 AE.
409 2740 453 2784 m.
469 2740 514 2783 ιι.
532 2722 633 2799 (Μιι.
651 2722 745 2784 Caes.
764 2722 862 2788 vain.
883 2724 967 2785 Mus.

220 2821 348 2896 Pisani,
370 2825 456 2888 Mus.
473 2822 624 2897 Fames.)

284 2923 472 3006 Bithyniam
516 2923 672 3008 oppidum
714 2922 885 3007 Bithyniae
930 2940 967 2988 ut

221 3024 372 3100 Antinoi,
417 3025 464 3088 sic
501 3025 621 3088 horum
652 3049 825 3091 numerum
859 3032 966 3112 patria

219 3126 296 3202 tait,
323 3125 376 3188 cui
392 3140 525 3207 praeter
540 3127 628 3188 varia
647 3130 680 3188 in
698 3131 809 3191 amasii
828 3133 965 3214 gratiam

221 3227 262 3291 ab
288 3226 455 3290 Hadriano
485 3228 602 3290 collata
631 3226 800 3293 benefacta
830 3236 968 3316 permis·

220 3350 291 3393 aum
314 3329 430 3406 etiam,
454 3342 490 3392 ut
512 3328 695 3393 honorilieo
718 3333 887 3396 Hadriani
909 3334 986 3399 oo·'

219 3430 307 3495 mins
337 3432 385 3493 uti
410 3431 537 3496 liceret.
576 3433 682 3494 Partis
711 3454 844 3498 aversae
871 3448 966 3519 typus

221 3546 257 3596 ut
276 3532 367 3596 varie
383 3533 423 3596 ab
440 3534 534 3615 hujus
552 3533 642 3594 numi
658 3536 874 3618 praeconibus
890 3560 967 3620 pro·

220 3635 371 3719 ponitur,
403 3634 450 3698 sic
476 3650 510 3697 et
537 3638 624 3699 varie
651 3636 841 3719 explicatur.
889 3641 965 3701 Non

222 3728 353 3809 dubito,
390 3735 450 3797 sub
477 3738 634 3799 Mercurii
666 3739 830 3802 schemate
857 3741 963 3825 latere

220 4043 327 4119 cedia,
349 4042 486 4123 perinde
507 4054 602 4126 atque
619 4044 829 4108 Mercurius
819 4066 890 4128 tpse
904 4049 966 4108 Ar·

223 4166 276 4209 cat
291 4144 351 4207 luit
369 4160 461 4207 natos
476 4145 509 4206 in
525 4146 660 4226 Cyllene
671 4147 829 4211 Arcadiae
844 4160 966 4211 monte.

222 4245 282 4307 Est
302 4247 335 4307 in
357 4267 471 4309 museo
489 4247 624 4331 reginae
643 4248 826 4312 christinae
847 4270 964 4312 numus

1028 1307 1101 1367 rius
1117 1307 1224 1368 nudus
1239 1326 1265 1365 s.
1278 1305 1475 1378 cadumum,
1490 1303 1523 1365 d.
1541 1303 1779 1383 adsurgentem

1029 1409 1191 1488 Pegasum
1205 1409 1337 1469 retinet.
1359 1404 1429 1471 ΔΕ.
1444 1424 1488 1469 ιι.
1506 1424 1551 1469 ιιι.
1566 1404 1668 1485 (ttae
1682 1402 1782 1475 Fara.

1027 1505 1222 1591 Theopoli.)

1168 1610 1294 1671 Eadem
1315 1609 1467 1673 adversm

947 1707 970 1759 ·.’
1027 1704 1260 1777 ΑΝΕΘΗΚΕ.
1275 1706 1394 1776 Totc.
1409 1706 1617 1776 Axatotc.
1643 1710 1778 1772 Mercu·

1026 1814 1098 1872 rius
1118 1813 1228 1873 nudus
1245 1823 1340 1872 stans
1358 1815 1388 1876 d.
1404 1812 1609 1895 strophium,
1635 1834 1663 1877 s.
1678 1816 1779 1877 eadu-

1026 1931 1136 1988 ceum,
1159 1924 1237 1974 ante
1255 1931 1330 1974 eum
1348 1915 1494 1997 Priapus
1510 1916 1549 1978 s'n
1568 1917 1677 1999 at'ppe.
1707 1915 1776 1981 ΔΕ.

1024 2034 1069 2081 ιιι.
1087 2035 1133 2082 ιι.
1154 2012 1202 2098 (V
1202 2013 1287 2096 sill.)

1164 2117 1290 2179 Eodem
1304 2119 1463 2181 adonta.

1028 2215 1263 2281 ΛΝΕΘΗΚΕ.
1289 2216 1406 2281 Toto.
1431 2213 1644 2282 AXAIOIC.
1674 2220 1775 2281 Anti·

1026 2339 1111 2380 nous
1125 2337 1224 2398 eques
1242 2340 1316 2382 eum
1330 2319 1443 2383 basta.
1464 2316 1535 2379 AB.
1553 2317 1595 2381 ΙΙ.
1615 2318 1745 2399 (tritt.)

1169 2420 1296 2482 Eadem
1318 2421 1464 2482 adversa.

1026 2516 1266 2586 ΑΝΕΘΗΚΕ.
1279 2514 1563 2583 ΚΟΡΙΝΘῙΩΝ.
1591 2516 1654 2583 sot
1668 2523 1772 2583 nudus

1026 2623 1172 2704 irs-digis
1193 2627 1225 2687 d.
1233 2622 1426 2708 flagellum.
1456 2618 1529 2686 ΑΕ.
1548 2638 1593 2684 ιι.
1612 2641 1654 2682 ιι.
1675 2622 1771 2703 (llus.

1026 2721 1136 2802 Caes.)

1089 2824 1142 2884 Ex
1158 2836 1326 2905 postremo
1343 2820 1407 2885 hoc
1423 2840 1524 2885 numo
1540 2820 1704 2907 priorum,
1718 2822 1771 2909 qni

1024 2924 1207 3010 generatim
1223 2925 1351 3009 Αχαιυς
1366 2936 1489 2987 tantum
1504 2938 1707 3002 memorant,
1727 2924 1771 2989 lo-

1025 3047 1082 3089 cus
1106 3026 1221 3089 natalis
1244 3022 1422 3109 colligitur.
1453 3024 1623 3090 Exhibeat
1647 3026 1685 3089 bi
1703 3008 1769 3089 ito-

1023 3129 1145 3191 stilinm
1162 3128 1373 3203 Marcellum,
1398 3126 1453 3212 qai
1478 3147 1514 3192 se
1535 3128 1644 3213 ipsum
1669 3148 1772 3210 sacer·

1023 3234 1130 3292 dotem
1147 3231 1296 3293 Antinoi
1317 3226 1504 3313 prolitetnr,
1527 3242 1564 3292 et
1589 3229 1665 3316 qui,
1686 3248 1770 3295 eom·

1022 3331 1127 3417 posita
1141 3331 1309 3415 utriusque
1325 3330 1425 3412 partis
1438 3330 1667 3416 inscriptione,
1679 3352 1768 3419 prae·

1022 3446 1133 3496 sentes
1153 3453 1269 3495 numos
1290 3429 1486 3509 Corinthiis,
1517 3444 1553 3495 et
1581 3432 1619 3495 in
1647 3452 1768 3519 genere

1023 3533 1163 3597 Achaeis
1198 3530 1371 3597 dedicarit.
1415 3528 1490 3626 Qua
1521 3533 1652 3600 ratione
1682 3538 1768 3600 Her

1024 3635 1133 3698 ιιιίιι
1161 3634 1251 3697 numi
1278 3628 1375 3716 primi
1403 3654 1478 3698 cum
1497 3634 1632 3720 Pegaso
1653 3656 1769 3701 eonne-

1023 3752 1143 3816 ctatnr,
1173 3733 1352 3800 difficulter
1370 3734 1491 3819 poterit
1507 3756 1550 3799 ex
1568 3736 1768 3827 mythologie

221 3840 327 3954 ipsum
342 3837 537 3908 Antinoum,
553 3838 760 3921 cujuspatria
779 3839 839 3902 fuit
855 3844 966 3926 Bithy·
1020 3840 1186 3925 expediri,
1215 3841 1280 3903 nisi
1307 3838 1395 3904 sorte
1423 3826 1547 3921 placuit
1572 3836 1768 3917 Corinthiis,

221 3941 326 4016 nium,
355 3938 508 4023 etpatria
525 3939 644 4021 major,
670 3954 707 4003 ut
725 3941 882 4020 diximus,
905 3946 967 4006 Ar·
1020 3936 1195 4005 Antinoum
1236 3944 1353 4026 partim
1392 3934 1555 4004 attributis
1591 3940 1768 4017 Herourii,

1021 4066 1102 4128 quae
1125 4047 1157 4107 oi
1178 4044 1284 4107 addito
1305 4044 1578 4128 exsequentibus
1596 4043 1695 4108 etiam
1712 4062 1766 4104 ιιι·

1022 4145 1083 4207 ntis
1100 4146 1337 4231 intelligemus,
1360 4146 1478 4228 partim
1497 4144 1765 4230 Bellerophontis

1023 4248 1183 4309 Corinthii
1208 4266 1408 4329 proponere.
1437 4248 1586 4312 Alterius
1609 4248 1700 4311 numi
1724 4258 1765 4328 ty·

222 4346 393 4409 Commodi
418 4347 451 4408 in
474 4346 538 4411 hoc
564 4350 717 4432 Bithynio
745 4350 904 4432 signatus,
929 4351 963 4411 in
1020 4371 1080 4431 pus
1095 4370 1225 4412 sensum
1239 4348 1764 4435 tortasseeontiaasturpitersn·

222 4448 313 4532 cujus
342 4467 456 4513 aversa
480 4450 673 4517 Vaillantius
704 4465 801 4533 capnt
829 4451 962 4515 Antinoi
1019 4449 1164 4535 biguum.
1194 4450 1327 4514 'I'ertius
1342 4450 1521 4515 Antinoum
1546 4446 1636 4517 omni
1656 4446 1761 4513 herois

259 4660 292 4724 ι)
310 4655 423 4715 Volll.
439 4674 470 4732 p.
480 4664 541 4721 403.
