<?xml version="1.0" encoding="UTF-8"?>
<!DOCTYPE html PUBLIC "-//W3C//DTD XHTML 1.0 Transitional//EN"
    "http://www.w3.org/TR/xhtml1/DTD/xhtml1-transitional.dtd">
<html xmlns="http://www.w3.org/1999/xhtml" xml:lang="en" lang="en">
 <head>
  <title>
</title>
<meta http-equiv="Content-Type" content="text/html;charset=utf-8" />
  <meta name='ocr-system' content='tesseract 3.04.00' />
  <meta name='ocr-capabilities' content='ocr_page ocr_carea ocr_par ocr_line ocrx_word'/>
</head>
<body>
  <div class='ocr_page' id='page_1' title='image "./doctrinanumorum00steigoog_0022.png"; bbox 0 0 4012 5370; ppageno 0'>
   <div class='ocr_carea' id='block_1_1' title="bbox 622 484 1640 586">
    <p class='ocr_par' dir='ltr' id='par_1_1' title="bbox 622 484 1640 586">
     <span class='ocr_line' id='line_1_1' title="bbox 622 484 1640 586; baseline 0.005 -6"><span class='ocrx_word' id='word_1_1' title='bbox 622 495 1104 586; x_wconf 60' lang='lat' dir='ltr'><strong>cucurrero</strong></span> <span class='ocrx_word' id='word_1_2' title='bbox 1511 484 1515 491; x_wconf 81' lang='grc'><strong>’</strong></span> <span class='ocrx_word' id='word_1_3' title='bbox 1586 506 1640 571; x_wconf 66' lang='lat' dir='ltr'><strong>u</strong></span> 
     </span>
    </p>
   </div>
   <div class='ocr_carea' id='block_1_2' title="bbox 65 666 1795 4651">
    <p class='ocr_par' dir='ltr' id='par_1_2' title="bbox 65 666 1795 4651">
     <span class='ocr_line' id='line_1_2' title="bbox 65 666 1630 802; baseline 0.004 -29"><span class='ocrx_word' id='word_1_4' title='bbox 65 666 181 773; x_wconf 80' lang='lat' dir='ltr'><strong>inter</strong></span> <span class='ocrx_word' id='word_1_5' title='bbox 212 681 406 792; x_wconf 81' lang='lat' dir='ltr'><strong>nominat</strong></span> <span class='ocrx_word' id='word_1_6' title='bbox 429 682 669 794; x_wconf 87' lang='lat' dir='ltr'><strong>Goltzium‚</strong></span> <span class='ocrx_word' id='word_1_7' title='bbox 707 689 890 776; x_wconf 84' lang='lat' dir='ltr'><strong>Aeneam</strong></span> <span class='ocrx_word' id='word_1_8' title='bbox 917 673 1088 799; x_wconf 84' lang='lat' dir='ltr'><strong>Vicum,</strong></span> <span class='ocrx_word' id='word_1_9' title='bbox 1119 688 1339 793; x_wconf 80' lang='lat' dir='ltr'><strong>Octavium</strong></span> <span class='ocrx_word' id='word_1_10' title='bbox 1378 691 1431 777; x_wconf 94' lang='lat' dir='ltr'><strong>de</strong></span> <span class='ocrx_word' id='word_1_11' title='bbox 1459 693 1630 802; x_wconf 85' lang='lat' dir='ltr'><strong>Strada,</strong></span> 
     </span>
     <span class='ocr_line' id='line_1_3' title="bbox 71 821 1633 951; baseline 0.004 -42"><span class='ocrx_word' id='word_1_12' title='bbox 71 825 332 951; x_wconf 75' lang='lat' dir='ltr'><strong>llresaumm</strong></span> <span class='ocrx_word' id='word_1_13' title='bbox 350 821 468 906; x_wconf 86' lang='lat' dir='ltr'><strong>ducis</strong></span> <span class='ocrx_word' id='word_1_14' title='bbox 494 821 761 931; x_wconf 80' lang='lat' dir='ltr'><strong>Arschotani,</strong></span> <span class='ocrx_word' id='word_1_15' title='bbox 800 822 1044 939; x_wconf 82' lang='lat' dir='ltr'><strong>Pignorium</strong></span> <span class='ocrx_word' id='word_1_16' title='bbox 1073 844 1149 915; x_wconf 89' lang='lat' dir='ltr'><strong>etc.</strong></span> <span class='ocrx_word' id='word_1_17' title='bbox 1180 859 1324 944; x_wconf 87' lang='lat' dir='ltr'><strong>omnes</strong></span> <span class='ocrx_word' id='word_1_18' title='bbox 1359 831 1514 943; x_wconf 82' lang='lat' dir='ltr'><strong>optimo</strong></span> <span class='ocrx_word' id='word_1_19' title='bbox 1543 832 1633 946; x_wconf 79' lang='lat' dir='ltr'><strong>jure</strong></span> 
     </span>
     <span class='ocr_line' id='line_1_4' title="bbox 70 957 1635 1076; baseline 0.001 -27"><span class='ocrx_word' id='word_1_20' title='bbox 70 975 299 1076; x_wconf 76' lang='lat' dir='ltr'><strong>suspectos</strong></span> <span class='ocrx_word' id='word_1_21' title='bbox 329 957 441 1044; x_wconf 86' lang='lat' dir='ltr'><strong>Olim</strong></span> <span class='ocrx_word' id='word_1_22' title='bbox 464 957 537 1044; x_wconf 87' lang='lat' dir='ltr'><strong>vix</strong></span> <span class='ocrx_word' id='word_1_23' title='bbox 561 959 732 1073; x_wconf 88' lang='lat' dir='ltr'><strong>tandem</strong></span> <span class='ocrx_word' id='word_1_24' title='bbox 756 960 905 1070; x_wconf 87' lang='lat' dir='ltr'><strong>elicui,</strong></span> <span class='ocrx_word' id='word_1_25' title='bbox 933 960 1138 1049; x_wconf 85' lang='lat' dir='ltr'><strong>Erizzum</strong></span> <span class='ocrx_word' id='word_1_26' title='bbox 1172 967 1218 1050; x_wconf 89' lang='lat' dir='ltr'><strong>in</strong></span> <span class='ocrx_word' id='word_1_27' title='bbox 1244 982 1394 1072; x_wconf 87' lang='lat' dir='ltr'><strong>numos</strong></span> <span class='ocrx_word' id='word_1_28' title='bbox 1414 963 1635 1052; x_wconf 82' lang='lat' dir='ltr'><strong>Fastourm</strong></span> 
     </span>
     <span class='ocr_line' id='line_1_5' title="bbox 74 1094 1795 1222; baseline 0.003 -36"><span class='ocrx_word' id='word_1_29' title='bbox 74 1098 234 1186; x_wconf 88' lang='lat' dir='ltr'><strong>Goltzii</strong></span> <span class='ocrx_word' id='word_1_30' title='bbox 260 1100 388 1183; x_wconf 72' lang='lat' dir='ltr'><strong>finisse</strong></span> <span class='ocrx_word' id='word_1_31' title='bbox 421 1112 796 1207; x_wconf 60' lang='lat' dir='ltr'><strong>commentatum·</strong></span> <span class='ocrx_word' id='word_1_32' title='bbox 814 1100 867 1183; x_wconf 90' lang='lat' dir='ltr'><strong>de</strong></span> <span class='ocrx_word' id='word_1_33' title='bbox 896 1107 979 1214; x_wconf 84' lang='lat' dir='ltr'><strong>quo</strong></span> <span class='ocrx_word' id='word_1_34' title='bbox 1010 1103 1076 1216; x_wconf 85' lang='lat' dir='ltr'><strong>egi</strong></span> <span class='ocrx_word' id='word_1_35' title='bbox 1110 1102 1209 1185; x_wconf 89' lang='lat' dir='ltr'><strong>alibi</strong></span> <span class='ocrx_word' id='word_1_36' title='bbox 1235 1094 1280 1222; x_wconf 51' lang='grc' dir='ltr'><strong>ἦ).</strong></span> <span class='ocrx_word' id='word_1_37' title='bbox 1312 1101 1490 1221; x_wconf 83' lang='lat' dir='ltr'><strong>Exstant</strong></span> <span class='ocrx_word' id='word_1_38' title='bbox 1517 1132 1636 1217; x_wconf 58' lang='lat' dir='ltr'><strong>prae*</strong></span> <span class='ocrx_word' id='word_1_39' title='bbox 1792 1186 1795 1191; x_wconf 79' lang='grc'>,</span> 
     </span>
     <span class='ocr_line' id='line_1_6' title="bbox 74 1235 1791 1357; baseline 0.002 -35"><span class='ocrx_word' id='word_1_40' title='bbox 74 1252 194 1322; x_wconf 73' lang='lat' dir='ltr'><strong>terea</strong></span> <span class='ocrx_word' id='word_1_41' title='bbox 223 1265 350 1351; x_wconf 90' lang='lat' dir='ltr'><strong>opera</strong></span> <span class='ocrx_word' id='word_1_42' title='bbox 378 1235 564 1320; x_wconf 85' lang='lat' dir='ltr'><strong>virorum</strong></span> <span class='ocrx_word' id='word_1_43' title='bbox 586 1236 707 1349; x_wconf 89' lang='lat' dir='ltr'><strong>plane</strong></span> <span class='ocrx_word' id='word_1_44' title='bbox 732 1236 1011 1356; x_wconf 83' lang='lat' dir='ltr'><strong>eruditorum,</strong></span> <span class='ocrx_word' id='word_1_45' title='bbox 1041 1268 1124 1353; x_wconf 90' lang='lat' dir='ltr'><strong>quo</strong></span> <span class='ocrx_word' id='word_1_46' title='bbox 1154 1241 1198 1323; x_wconf 92' lang='lat' dir='ltr'><strong>in</strong></span> <span class='ocrx_word' id='word_1_47' title='bbox 1220 1267 1396 1341; x_wconf 90' lang='lat' dir='ltr'><strong>numero</strong></span> <span class='ocrx_word' id='word_1_48' title='bbox 1419 1242 1511 1357; x_wconf 86' lang='lat' dir='ltr'><strong>jure</strong></span> <span class='ocrx_word' id='word_1_49' title='bbox 1537 1270 1635 1325; x_wconf 90' lang='lat' dir='ltr'><strong>cen·</strong></span> <span class='ocrx_word' id='word_1_50' title='bbox 1788 1272 1791 1276; x_wconf 90' lang='lat'>·</span> 
     </span>
     <span class='ocr_line' id='line_1_7' title="bbox 79 1372 1637 1489; baseline 0 -28"><span class='ocrx_word' id='word_1_51' title='bbox 79 1403 222 1461; x_wconf 84' lang='lat' dir='ltr'><strong>semus</strong></span> <span class='ocrx_word' id='word_1_52' title='bbox 238 1374 272 1458; x_wconf 88' lang='lat' dir='ltr'>F</span> <span class='ocrx_word' id='word_1_53' title='bbox 273 1374 508 1458; x_wconf 84' lang='lat' dir='ltr'><strong>ranciscum</strong></span> <span class='ocrx_word' id='word_1_54' title='bbox 526 1372 803 1486; x_wconf 83' lang='lat' dir='ltr'><strong>Angelonum,</strong></span> <span class='ocrx_word' id='word_1_55' title='bbox 832 1375 1027 1463; x_wconf 88' lang='lat' dir='ltr'><strong>loannem</strong></span> <span class='ocrx_word' id='word_1_56' title='bbox 1048 1377 1311 1485; x_wconf 87' lang='lat' dir='ltr'><strong>Tristanum,</strong></span> <span class='ocrx_word' id='word_1_57' title='bbox 1337 1375 1535 1489; x_wconf 84' lang='lat' dir='ltr'><strong>aliosque,</strong></span> <span class='ocrx_word' id='word_1_58' title='bbox 1563 1376 1637 1461; x_wconf 91' lang='lat' dir='ltr'><strong>sed</strong></span> 
     </span>
     <span class='ocr_line' id='line_1_8' title="bbox 84 1510 1643 1629; baseline 0 -31"><span class='ocrx_word' id='word_1_59' title='bbox 84 1540 266 1626; x_wconf 84' lang='lat' dir='ltr'><strong>quorum</strong></span> <span class='ocrx_word' id='word_1_60' title='bbox 292 1510 482 1595; x_wconf 89' lang='lat' dir='ltr'><strong>indicatis</strong></span> <span class='ocrx_word' id='word_1_61' title='bbox 511 1511 649 1595; x_wconf 91' lang='lat' dir='ltr'><strong>numis</strong></span> <span class='ocrx_word' id='word_1_62' title='bbox 674 1541 760 1596; x_wconf 89' lang='lat' dir='ltr'><strong>non</strong></span> <span class='ocrx_word' id='word_1_63' title='bbox 793 1513 873 1598; x_wconf 89' lang='lat' dir='ltr'><strong>nisi</strong></span> <span class='ocrx_word' id='word_1_64' title='bbox 902 1515 1138 1600; x_wconf 85' lang='lat' dir='ltr'><strong>cautissime</strong></span> <span class='ocrx_word' id='word_1_65' title='bbox 1163 1526 1305 1620; x_wconf 88' lang='lat' dir='ltr'><strong>utere,</strong></span> <span class='ocrx_word' id='word_1_66' title='bbox 1335 1514 1413 1598; x_wconf 91' lang='lat' dir='ltr'><strong>etsi</strong></span> <span class='ocrx_word' id='word_1_67' title='bbox 1439 1542 1524 1597; x_wconf 89' lang='lat' dir='ltr'><strong>non</strong></span> <span class='ocrx_word' id='word_1_68' title='bbox 1547 1514 1643 1629; x_wconf 17' lang='lat' dir='ltr'><strong>vul-⁸</strong></span> 
     </span>
     <span class='ocr_line' id='line_1_9' title="bbox 86 1649 1643 1771; baseline 0 -37"><span class='ocrx_word' id='word_1_69' title='bbox 86 1650 299 1766; x_wconf 57' lang='lat' dir='ltr'><strong>flaverint,</strong></span> <span class='ocrx_word' id='word_1_70' title='bbox 327 1649 407 1733; x_wconf 88' lang='lat' dir='ltr'><strong>nisi</strong></span> <span class='ocrx_word' id='word_1_71' title='bbox 438 1675 463 1732; x_wconf 93' lang='lat' dir='ltr'><strong>a</strong></span> <span class='ocrx_word' id='word_1_72' title='bbox 497 1679 542 1734; x_wconf 91' lang='lat' dir='ltr'><strong>se</strong></span> <span class='ocrx_word' id='word_1_73' title='bbox 575 1663 826 1762; x_wconf 78' lang='lat' dir='ltr'><strong>conspectos</strong></span> <span class='ocrx_word' id='word_1_74' title='bbox 865 1653 1128 1765; x_wconf 71' lang='lat' dir='ltr'><strong>scripserunt</strong></span> <span class='ocrx_word' id='word_1_75' title='bbox 1157 1650 1291 1735; x_wconf 48' lang='lat' dir='ltr'><strong>illi‘ea</strong></span> <span class='ocrx_word' id='word_1_76' title='bbox 1322 1663 1484 1760; x_wconf 89' lang='lat' dir='ltr'><strong>aetate,</strong></span> <span class='ocrx_word' id='word_1_77' title='bbox 1529 1677 1643 1771; x_wconf 86' lang='lat' dir='ltr'><strong>quae</strong></span> 
     </span>
     <span class='ocr_line' id='line_1_10' title="bbox 84 1767 1638 1898; baseline -0.001 -25"><span class='ocrx_word' id='word_1_78' title='bbox 84 1787 274 1873; x_wconf 86' lang='lat' dir='ltr'><strong>nondum</strong></span> <span class='ocrx_word' id='word_1_79' title='bbox 299 1801 363 1873; x_wconf 90' lang='lat' dir='ltr'><strong>tot</strong></span> <span class='ocrx_word' id='word_1_80' title='bbox 380 1786 570 1871; x_wconf 87' lang='lat' dir='ltr'><strong>subsidiis</strong></span> <span class='ocrx_word' id='word_1_81' title='bbox 598 1788 698 1872; x_wconf 83' lang='lat' dir='ltr'><strong>artis</strong></span> <span class='ocrx_word' id='word_1_82' title='bbox 717 1789 1118 1898; x_wconf 46' lang='lat' dir='ltr'><strong>nostrae&gt;‚·nondum</strong></span> <span class='ocrx_word' id='word_1_83' title='bbox 1143 1788 1373 1876; x_wconf 82' lang='lat' dir='ltr'><strong>necessaria</strong></span> <span class='ocrx_word' id='word_1_84' title='bbox 1396 1767 1638 1883; x_wconf 84' lang='lat' dir='ltr'><strong>illa—numos</strong></span> 
     </span>
     <span class='ocr_line' id='line_1_11' title="bbox 82 1900 1643 2039; baseline -0.001 -29"><span class='ocrx_word' id='word_1_85' title='bbox 82 1926 223 2039; x_wconf 87' lang='lat' dir='ltr'><strong>plures</strong></span> <span class='ocrx_word' id='word_1_86' title='bbox 251 1923 528 2010; x_wconf 90' lang='lat' dir='ltr'><strong>contendendi</strong></span> <span class='ocrx_word' id='word_1_87' title='bbox 550 1925 746 2010; x_wconf 79' lang='lat' dir='ltr'>facultate</span> <span class='ocrx_word' id='word_1_88' title='bbox 779 1927 1119 2034; x_wconf 57' lang='lat' dir='ltr'><strong>instructafilin-</strong></span> <span class='ocrx_word' id='word_1_89' title='bbox 1136 1956 1204 2013; x_wconf 90' lang='lat' dir='ltr'><strong>ex</strong></span> <span class='ocrx_word' id='word_1_90' title='bbox 1240 1955 1322 2038; x_wconf 91' lang='lat' dir='ltr'><strong>quo</strong></span> <span class='ocrx_word' id='word_1_91' title='bbox 1346 1926 1530 2032; x_wconf 74' lang='lat' dir='ltr'><strong>factum,</strong></span> <span class='ocrx_word' id='word_1_92' title='bbox 1566 1900 1643 2034; x_wconf 73' lang='lat' dir='ltr'><strong>ut,</strong></span> 
     </span>
     <span class='ocr_line' id='line_1_12' title="bbox 83 2040 1642 2183; baseline -0.001 -34"><span class='ocrx_word' id='word_1_93' title='bbox 83 2089 195 2176; x_wconf 85' lang='lat' dir='ltr'><strong>quae</strong></span> <span class='ocrx_word' id='word_1_94' title='bbox 211 2064 334 2149; x_wconf 86' lang='lat' dir='ltr'><strong>nobis</strong></span> <span class='ocrx_word' id='word_1_95' title='bbox 362 2061 535 2170; x_wconf 85' lang='lat' dir='ltr'>dedere,</span> <span class='ocrx_word' id='word_1_96' title='bbox 564 2089 789 2148; x_wconf 85' lang='lat' dir='ltr'><strong>munorum</strong></span> <span class='ocrx_word' id='word_1_97' title='bbox 807 2065 970 2150; x_wconf 66' lang='lat' dir='ltr'><strong>&#39;indicia</strong></span> <span class='ocrx_word' id='word_1_98' title='bbox 996 2065 1130 2183; x_wconf 84' lang='lat' dir='ltr'><strong>etiam</strong></span> <span class='ocrx_word' id='word_1_99' title='bbox 1149 2065 1194 2149; x_wconf 92' lang='lat' dir='ltr'><strong>in</strong></span> <span class='ocrx_word' id='word_1_100' title='bbox 1218 2040 1474 2180; x_wconf 79' lang='lat' dir='ltr'><strong>gravioribus</strong></span> <span class='ocrx_word' id='word_1_101' title='bbox 1503 2042 1642 2147; x_wconf 81' lang='lat' dir='ltr'><strong>causis</strong></span> 
     </span>
     <span class='ocr_line' id='line_1_13' title="bbox 81 2176 1643 2321; baseline 0.005 -39"><span class='ocrx_word' id='word_1_102' title='bbox 81 2227 108 2282; x_wconf 75' lang='lat' dir='ltr'><strong>a</strong></span> <span class='ocrx_word' id='word_1_103' title='bbox 133 2227 236 2287; x_wconf 85' lang='lat' dir='ltr'><strong>vero</strong></span> <span class='ocrx_word' id='word_1_104' title='bbox 260 2203 498 2313; x_wconf 82' lang='lat' dir='ltr'><strong>frequenter</strong></span> <span class='ocrx_word' id='word_1_105' title='bbox 521 2201 757 2321; x_wconf 76' lang='lat' dir='ltr'><strong>longissime</strong></span> <span class='ocrx_word' id='word_1_106' title='bbox 780 2203 981 2289; x_wconf 81' lang='lat' dir='ltr'><strong>aberrent</strong></span> <span class='ocrx_word' id='word_1_107' title='bbox 1635 2176 1643 2188; x_wconf 16' lang='grc' dir='ltr'><strong><em>ἡ</em></strong></span> 
     </span>
     <span class='ocr_line' id='line_1_14' title="bbox 165 2334 1639 2455; baseline 0.002 -35"><span class='ocrx_word' id='word_1_108' title='bbox 165 2336 361 2422; x_wconf 78' lang='lat' dir='ltr'><strong>Tandem</strong></span> <span class='ocrx_word' id='word_1_109' title='bbox 394 2338 525 2422; x_wconf 93' lang='lat' dir='ltr'><strong>multo</strong></span> <span class='ocrx_word' id='word_1_110' title='bbox 558 2337 714 2445; x_wconf 88' lang='lat' dir='ltr'><strong>tutius,</strong></span> <span class='ocrx_word' id='word_1_111' title='bbox 752 2340 1068 2453; x_wconf 84' lang='lat' dir='ltr'>expeditiusque</span> <span class='ocrx_word' id='word_1_112' title='bbox 1098 2341 1178 2425; x_wconf 90' lang='lat' dir='ltr'><strong>iter</strong></span> <span class='ocrx_word' id='word_1_113' title='bbox 1205 2368 1281 2455; x_wconf 93' lang='lat' dir='ltr'><strong>per</strong></span> <span class='ocrx_word' id='word_1_114' title='bbox 1306 2334 1419 2450; x_wconf 80' lang='lat' dir='ltr'><strong>vias,</strong></span> <span class='ocrx_word' id='word_1_115' title='bbox 1449 2368 1551 2453; x_wconf 89' lang='lat' dir='ltr'><strong>quas</strong></span> <span class='ocrx_word' id='word_1_116' title='bbox 1576 2369 1639 2423; x_wconf 88' lang='lat' dir='ltr'><strong>se-</strong></span> 
     </span>
     <span class='ocr_line' id='line_1_15' title="bbox 82 2474 1640 2587; baseline 0 -30"><span class='ocrx_word' id='word_1_117' title='bbox 82 2474 248 2587; x_wconf 87' lang='lat' dir='ltr'><strong>quentis</strong></span> <span class='ocrx_word' id='word_1_118' title='bbox 271 2474 462 2587; x_wconf 83' lang='lat' dir='ltr'><strong>proxime</strong></span> <span class='ocrx_word' id='word_1_119' title='bbox 495 2475 587 2560; x_wconf 87' lang='lat' dir='ltr'><strong>aevi</strong></span> <span class='ocrx_word' id='word_1_120' title='bbox 614 2488 788 2561; x_wconf 86' lang='lat' dir='ltr'><strong>conatus</strong></span> <span class='ocrx_word' id='word_1_121' title='bbox 824 2476 924 2562; x_wconf 91' lang='lat' dir='ltr'><strong>inde</strong></span> <span class='ocrx_word' id='word_1_122' title='bbox 953 2479 1008 2569; x_wconf 68' lang='lat' dir='ltr'><strong>ab,</strong></span> <span class='ocrx_word' id='word_1_123' title='bbox 1043 2491 1223 2564; x_wconf 87' lang='lat' dir='ltr'><strong>exeunte</strong></span> <span class='ocrx_word' id='word_1_124' title='bbox 1256 2477 1421 2562; x_wconf 85' lang='lat' dir='ltr'><strong>saeculo</strong></span> <span class='ocrx_word' id='word_1_125' title='bbox 1444 2476 1559 2560; x_wconf 81' lang='lat' dir='ltr'><strong>XVll</strong></span> <span class='ocrx_word' id='word_1_126' title='bbox 1577 2476 1640 2558; x_wconf 78' lang='lat' dir='ltr'><strong>ad</strong></span> 
     </span>
     <span class='ocr_line' id='line_1_16' title="bbox 77 2613 1640 2726; baseline 0 -31"><span class='ocrx_word' id='word_1_127' title='bbox 77 2625 219 2696; x_wconf 83' lang='lat' dir='ltr'><strong>nostra</strong></span> <span class='ocrx_word' id='word_1_128' title='bbox 239 2640 377 2725; x_wconf 85' lang='lat' dir='ltr'><strong>usque</strong></span> <span class='ocrx_word' id='word_1_129' title='bbox 405 2625 592 2725; x_wconf 89' lang='lat' dir='ltr'><strong>tempora</strong></span> <span class='ocrx_word' id='word_1_130' title='bbox 620 2613 846 2709; x_wconf 78' lang='lat' dir='ltr'><strong>munivere.</strong></span> <span class='ocrx_word' id='word_1_131' title='bbox 884 2613 970 2700; x_wconf 85' lang='lat' dir='ltr'><strong>lam</strong></span> <span class='ocrx_word' id='word_1_132' title='bbox 996 2644 1108 2703; x_wconf 89' lang='lat' dir='ltr'><strong>nunc</strong></span> <span class='ocrx_word' id='word_1_133' title='bbox 1141 2616 1393 2702; x_wconf 84' lang='lat' dir='ltr'><strong>severiorem</strong></span> <span class='ocrx_word' id='word_1_134' title='bbox 1420 2615 1466 2700; x_wconf 92' lang='lat' dir='ltr'><strong>in</strong></span> <span class='ocrx_word' id='word_1_135' title='bbox 1492 2613 1640 2726; x_wconf 89' lang='lat' dir='ltr'><strong>adpro·</strong></span> 
     </span>
     <span class='ocr_line' id='line_1_17' title="bbox 78 2748 1640 2873; baseline 0.001 -43"><span class='ocrx_word' id='word_1_136' title='bbox 78 2748 228 2873; x_wconf 75' lang='lat' dir='ltr'><strong>bandis</strong></span> <span class='ocrx_word' id='word_1_137' title='bbox 252 2750 392 2833; x_wconf 85' lang='lat' dir='ltr'><strong>numis</strong></span> <span class='ocrx_word' id='word_1_138' title='bbox 427 2748 616 2836; x_wconf 89' lang='lat' dir='ltr'><strong>videmus</strong></span> <span class='ocrx_word' id='word_1_139' title='bbox 643 2751 876 2856; x_wconf 76' lang='lat' dir='ltr'><strong>exercitam</strong></span> <span class='ocrx_word' id='word_1_140' title='bbox 896 2782 1143 2864; x_wconf 84' lang='lat' dir='ltr'><strong>censuram,</strong></span> <span class='ocrx_word' id='word_1_141' title='bbox 1184 2753 1375 2862; x_wconf 79' lang='lat' dir='ltr'><strong>excludi,</strong></span> <span class='ocrx_word' id='word_1_142' title='bbox 1404 2765 1478 2836; x_wconf 87' lang='lat' dir='ltr'><strong>aut</strong></span> <span class='ocrx_word' id='word_1_143' title='bbox 1501 2750 1640 2864; x_wconf 89' lang='lat' dir='ltr'><strong>palam</strong></span> 
     </span>
     <span class='ocr_line' id='line_1_18' title="bbox 80 2886 1641 3003; baseline 0.001 -34"><span class='ocrx_word' id='word_1_144' title='bbox 80 2886 295 2999; x_wconf 83' lang='lat' dir='ltr'><strong>reprobari</strong></span> <span class='ocrx_word' id='word_1_145' title='bbox 318 2915 467 2975; x_wconf 89' lang='lat' dir='ltr'><strong>numos</strong></span> <span class='ocrx_word' id='word_1_146' title='bbox 492 2889 638 2995; x_wconf 82' lang='lat' dir='ltr'><strong>falsos,</strong></span> <span class='ocrx_word' id='word_1_147' title='bbox 667 2903 742 2973; x_wconf 91' lang='lat' dir='ltr'><strong>aut</strong></span> <span class='ocrx_word' id='word_1_148' title='bbox 764 2890 800 2973; x_wconf 88' lang='lat' dir='ltr'><strong>si</strong></span> <span class='ocrx_word' id='word_1_149' title='bbox 822 2895 1004 3003; x_wconf 88' lang='lat' dir='ltr'><strong>suspecti</strong></span> <span class='ocrx_word' id='word_1_150' title='bbox 1026 2893 1298 2997; x_wconf 88' lang='lat' dir='ltr'><strong>videbantur,</strong></span> <span class='ocrx_word' id='word_1_151' title='bbox 1327 2919 1473 2975; x_wconf 91' lang='lat' dir='ltr'><strong>eorum</strong></span> <span class='ocrx_word' id='word_1_152' title='bbox 1494 2889 1641 2973; x_wconf 88' lang='lat' dir='ltr'><strong>saltem</strong></span> 
     </span>
     <span class='ocr_line' id='line_1_19' title="bbox 78 3020 1641 3140; baseline 0.003 -33"><span class='ocrx_word' id='word_1_153' title='bbox 78 3020 253 3108; x_wconf 80' lang='lat' dir='ltr'><strong>mdicari</strong></span> <span class='ocrx_word' id='word_1_154' title='bbox 282 3052 529 3140; x_wconf 84' lang='lat' dir='ltr'><strong>praecones,</strong></span> <span class='ocrx_word' id='word_1_155' title='bbox 565 3040 619 3112; x_wconf 90' lang='lat' dir='ltr'><strong>ut</strong></span> <span class='ocrx_word' id='word_1_156' title='bbox 653 3053 707 3111; x_wconf 89' lang='lat' dir='ltr'><strong>ex</strong></span> <span class='ocrx_word' id='word_1_157' title='bbox 739 3026 892 3111; x_wconf 89' lang='lat' dir='ltr'><strong>horum</strong></span> <span class='ocrx_word' id='word_1_158' title='bbox 929 3027 1011 3111; x_wconf 89' lang='lat' dir='ltr'><strong>fide</strong></span> <span class='ocrx_word' id='word_1_159' title='bbox 1043 3026 1232 3113; x_wconf 85' lang='lat' dir='ltr'><strong>arbitrari</strong></span> <span class='ocrx_word' id='word_1_160' title='bbox 1259 3028 1389 3111; x_wconf 89' lang='lat' dir='ltr'><strong>lector</strong></span> <span class='ocrx_word' id='word_1_161' title='bbox 1419 3025 1471 3108; x_wconf 87' lang='lat' dir='ltr'><strong>de</strong></span> <span class='ocrx_word' id='word_1_162' title='bbox 1490 3021 1641 3111; x_wconf 78' lang='lat' dir='ltr'><strong>-numis</strong></span> 
     </span>
     <span class='ocr_line' id='line_1_20' title="bbox 79 3160 1642 3278; baseline 0.001 -35"><span class='ocrx_word' id='word_1_163' title='bbox 79 3162 176 3272; x_wconf 81' lang='lat' dir='ltr'><strong>ipsis</strong></span> <span class='ocrx_word' id='word_1_164' title='bbox 202 3176 368 3276; x_wconf 85' lang='lat' dir='ltr'><strong>posset,</strong></span> <span class='ocrx_word' id='word_1_165' title='bbox 405 3164 489 3278; x_wconf 80' lang='lat' dir='ltr'><strong>jam</strong></span> <span class='ocrx_word' id='word_1_166' title='bbox 527 3164 746 3249; x_wconf 76' lang='lat' dir='ltr'><strong>certiorem</strong></span> <span class='ocrx_word' id='word_1_167' title='bbox 785 3164 932 3272; x_wconf 88' lang='lat' dir='ltr'><strong>nobis,</strong></span> <span class='ocrx_word' id='word_1_168' title='bbox 976 3163 1198 3278; x_wconf 89' lang='lat' dir='ltr'><strong>minusque</strong></span> <span class='ocrx_word' id='word_1_169' title='bbox 1227 3176 1470 3276; x_wconf 84' lang='lat' dir='ltr'><strong>corruptum</strong></span> <span class='ocrx_word' id='word_1_170' title='bbox 1503 3160 1642 3246; x_wconf 81' lang='lat' dir='ltr'><strong>offerri</strong></span> 
     </span>
     <span class='ocr_line' id='line_1_21' title="bbox 81 3287 1643 3419; baseline 0.003 -35"><span class='ocrx_word' id='word_1_171' title='bbox 81 3326 308 3384; x_wconf 83' lang='lat' dir='ltr'><strong>nunromm</strong></span> <span class='ocrx_word' id='word_1_172' title='bbox 333 3313 498 3386; x_wconf 89' lang='lat' dir='ltr'><strong>statum</strong></span> <span class='ocrx_word' id='word_1_173' title='bbox 545 3299 614 3384; x_wconf 89' lang='lat' dir='ltr'><strong>Ex</strong></span> <span class='ocrx_word' id='word_1_174' title='bbox 638 3287 715 3407; x_wconf 89' lang='lat' dir='ltr'><strong>iis,</strong></span> <span class='ocrx_word' id='word_1_175' title='bbox 746 3302 820 3416; x_wconf 90' lang='lat' dir='ltr'><strong>qui</strong></span> <span class='ocrx_word' id='word_1_176' title='bbox 848 3301 956 3386; x_wconf 93' lang='lat' dir='ltr'><strong>hanc</strong></span> <span class='ocrx_word' id='word_1_177' title='bbox 979 3302 1057 3387; x_wconf 90' lang='lat' dir='ltr'><strong>sibi</strong></span> <span class='ocrx_word' id='word_1_178' title='bbox 1082 3302 1249 3419; x_wconf 88' lang='lat' dir='ltr'><strong>laudem</strong></span> <span class='ocrx_word' id='word_1_179' title='bbox 1277 3303 1370 3417; x_wconf 80' lang='lat' dir='ltr'><strong>jure</strong></span> <span class='ocrx_word' id='word_1_180' title='bbox 1406 3300 1643 3411; x_wconf 86' lang='lat' dir='ltr'><strong>vindicant,</strong></span> 
     </span>
     <span class='ocr_line' id='line_1_22' title="bbox 78 3421 1643 3561; baseline 0.003 -39"><span class='ocrx_word' id='word_1_181' title='bbox 78 3437 438 3522; x_wconf 88' lang='lat' dir='ltr'><strong>commemorandi</strong></span> <span class='ocrx_word' id='word_1_182' title='bbox 472 3451 568 3523; x_wconf 91' lang='lat' dir='ltr'><strong>sunt</strong></span> <span class='ocrx_word' id='word_1_183' title='bbox 601 3436 772 3524; x_wconf 91' lang='lat' dir='ltr'><strong>loannes</strong></span> <span class='ocrx_word' id='word_1_184' title='bbox 792 3438 1055 3547; x_wconf 88' lang='lat' dir='ltr'><strong>Vaillantius,</strong></span> <span class='ocrx_word' id='word_1_185' title='bbox 1097 3468 1178 3553; x_wconf 94' lang='lat' dir='ltr'><strong>quo</strong></span> <span class='ocrx_word' id='word_1_186' title='bbox 1205 3468 1329 3523; x_wconf 92' lang='lat' dir='ltr'><strong>nemo</strong></span> <span class='ocrx_word' id='word_1_187' title='bbox 1353 3434 1554 3561; x_wconf 84' lang='lat' dir='ltr'><strong>hactenus</strong></span> <span class='ocrx_word' id='word_1_188' title='bbox 1574 3421 1643 3544; x_wconf 30' lang='lat' dir='ltr'><strong>,sa-</strong></span> 
     </span>
     <span class='ocr_line' id='line_1_23' title="bbox 80 3554 1641 3690; baseline -0.001 -28"><span class='ocrx_word' id='word_1_189' title='bbox 80 3577 202 3684; x_wconf 72' lang='lat' dir='ltr'><strong>riuis,</strong></span> <span class='ocrx_word' id='word_1_190' title='bbox 230 3577 500 3688; x_wconf 82' lang='lat' dir='ltr'><strong>purgatiusve</strong></span> <span class='ocrx_word' id='word_1_191' title='bbox 524 3574 577 3659; x_wconf 90' lang='lat' dir='ltr'><strong>de</strong></span> <span class='ocrx_word' id='word_1_192' title='bbox 606 3554 833 3661; x_wconf 88' lang='lat' dir='ltr'><strong>numorum</strong></span> <span class='ocrx_word' id='word_1_193' title='bbox 867 3592 1056 3663; x_wconf 88' lang='lat' dir='ltr'><strong>veterum</strong></span> <span class='ocrx_word' id='word_1_194' title='bbox 1084 3576 1167 3660; x_wconf 86' lang='lat' dir='ltr'><strong>fide</strong></span> <span class='ocrx_word' id='word_1_195' title='bbox 1196 3575 1421 3690; x_wconf 83' lang='lat' dir='ltr'><strong>judicavit,</strong></span> <span class='ocrx_word' id='word_1_196' title='bbox 1450 3574 1533 3659; x_wconf 92' lang='lat' dir='ltr'><strong>hoc</strong></span> <span class='ocrx_word' id='word_1_197' title='bbox 1555 3601 1641 3660; x_wconf 90' lang='lat' dir='ltr'><strong>uno</strong></span> 
     </span>
     <span class='ocr_line' id='line_1_24' title="bbox 78 3699 1642 3835; baseline -0.003 -37"><span class='ocrx_word' id='word_1_198' title='bbox 78 3713 227 3798; x_wconf 83' lang='lat' dir='ltr'><strong>hercle</strong></span> <span class='ocrx_word' id='word_1_199' title='bbox 248 3699 507 3824; x_wconf 83' lang='lat' dir='ltr'><strong>culpandus,</strong></span> <span class='ocrx_word' id='word_1_200' title='bbox 551 3713 661 3826; x_wconf 87' lang='lat' dir='ltr'><strong>quod</strong></span> <span class='ocrx_word' id='word_1_201' title='bbox 693 3715 736 3798; x_wconf 92' lang='lat' dir='ltr'><strong>in</strong></span> <span class='ocrx_word' id='word_1_202' title='bbox 771 3715 1039 3799; x_wconf 87' lang='lat' dir='ltr'><strong>describenda</strong></span> <span class='ocrx_word' id='word_1_203' title='bbox 1065 3717 1348 3827; x_wconf 84' lang='lat' dir='ltr'><strong>Augustorum</strong></span> <span class='ocrx_word' id='word_1_204' title='bbox 1376 3725 1543 3797; x_wconf 85' lang='lat' dir='ltr'><strong>moneta</strong></span> <span class='ocrx_word' id='word_1_205' title='bbox 1569 3707 1642 3835; x_wconf 85' lang='lat' dir='ltr'><strong>(de</strong></span> 
     </span>
     <span class='ocr_line' id='line_1_25' title="bbox 80 3834 1642 3965; baseline 0 -29"><span class='ocrx_word' id='word_1_206' title='bbox 80 3850 161 3936; x_wconf 80' lang='lat' dir='ltr'><strong>hac</strong></span> <span class='ocrx_word' id='word_1_207' title='bbox 184 3878 273 3935; x_wconf 85' lang='lat' dir='ltr'><strong>rma</strong></span> <span class='ocrx_word' id='word_1_208' title='bbox 295 3847 400 3934; x_wconf 83' lang='lat' dir='ltr'><strong>milri</strong></span> <span class='ocrx_word' id='word_1_209' title='bbox 418 3862 581 3935; x_wconf 88' lang='lat' dir='ltr'><strong>tantum</strong></span> <span class='ocrx_word' id='word_1_210' title='bbox 604 3845 756 3955; x_wconf 88' lang='lat' dir='ltr'><strong>senno)</strong></span> <span class='ocrx_word' id='word_1_211' title='bbox 783 3834 965 3965; x_wconf 89' lang='lat' dir='ltr'><strong>partium</strong></span> <span class='ocrx_word' id='word_1_212' title='bbox 990 3851 1256 3937; x_wconf 79' lang='lat' dir='ltr'><strong>adversanrm</strong></span> <span class='ocrx_word' id='word_1_213' title='bbox 1278 3848 1463 3935; x_wconf 86' lang='lat' dir='ltr'><strong>indicare</strong></span> <span class='ocrx_word' id='word_1_214' title='bbox 1488 3863 1642 3964; x_wconf 86' lang='lat' dir='ltr'><strong>statum</strong></span> 
     </span>
     <span class='ocr_line' id='line_1_26' title="bbox 83 3987 1642 4105; baseline -0.001 -31"><span class='ocrx_word' id='word_1_215' title='bbox 83 3989 293 4105; x_wconf 73' lang='lat' dir='ltr'><strong>neglexit,</strong></span> <span class='ocrx_word' id='word_1_216' title='bbox 329 4001 531 4099; x_wconf 77' lang='lat' dir='ltr'><strong>tanquam</strong></span> <span class='ocrx_word' id='word_1_217' title='bbox 564 4015 662 4072; x_wconf 89' lang='lat' dir='ltr'><strong>eum</strong></span> <span class='ocrx_word' id='word_1_218' title='bbox 690 3989 854 4074; x_wconf 82' lang='lat' dir='ltr'><strong>novisse</strong></span> <span class='ocrx_word' id='word_1_219' title='bbox 882 4016 1030 4105; x_wconf 84' lang='lat' dir='ltr'><strong>parum</strong></span> <span class='ocrx_word' id='word_1_220' title='bbox 1060 3989 1244 4097; x_wconf 88' lang='lat' dir='ltr'><strong>intersit,</strong></span> <span class='ocrx_word' id='word_1_221' title='bbox 1282 3987 1393 4102; x_wconf 86' lang='lat' dir='ltr'><strong>quod</strong></span> <span class='ocrx_word' id='word_1_222' title='bbox 1429 3989 1642 4075; x_wconf 84' lang='lat' dir='ltr'><strong>funestum</strong></span> 
     </span>
     <span class='ocr_line' id='line_1_27' title="bbox 85 4123 1643 4240; baseline -0.001 -29"><span class='ocrx_word' id='word_1_223' title='bbox 85 4127 165 4231; x_wconf 70' lang='lat' dir='ltr'><strong>ani</strong></span> <span class='ocrx_word' id='word_1_224' title='bbox 188 4138 357 4211; x_wconf 84' lang='lat' dir='ltr'><strong>nostrae</strong></span> <span class='ocrx_word' id='word_1_225' title='bbox 387 4123 621 4210; x_wconf 85' lang='lat' dir='ltr'><strong>institutum</strong></span> <span class='ocrx_word' id='word_1_226' title='bbox 645 4126 690 4211; x_wconf 93' lang='lat' dir='ltr'><strong>in</strong></span> <span class='ocrx_word' id='word_1_227' title='bbox 724 4155 946 4212; x_wconf 89' lang='lat' dir='ltr'><strong>numorum</strong></span> <span class='ocrx_word' id='word_1_228' title='bbox 969 4141 1159 4213; x_wconf 89' lang='lat' dir='ltr'><strong>veterum</strong></span> <span class='ocrx_word' id='word_1_229' title='bbox 1182 4127 1455 4240; x_wconf 86' lang='lat' dir='ltr'><strong>praeconibus</strong></span> <span class='ocrx_word' id='word_1_230' title='bbox 1482 4124 1643 4239; x_wconf 88' lang='lat' dir='ltr'><strong>pridem</strong></span> 
     </span>
     <span class='ocr_line' id='line_1_28' title="bbox 85 4251 1644 4375; baseline 0.001 -32"><span class='ocrx_word' id='word_1_231' title='bbox 85 4257 327 4368; x_wconf 74' lang='lat' dir='ltr'><strong>perstrinxit</strong></span> <span class='ocrx_word' id='word_1_232' title='bbox 354 4256 516 4373; x_wconf 73' lang='lat' dir='ltr'><strong>Pagina.</strong></span> <span class='ocrx_word' id='word_1_233' title='bbox 547 4255 623 4342; x_wconf 70' lang='lat' dir='ltr'><strong>Ea)</strong></span> <span class='ocrx_word' id='word_1_234' title='bbox 648 4254 802 4372; x_wconf 79' lang='lat' dir='ltr'><strong>quibus</strong></span> <span class='ocrx_word' id='word_1_235' title='bbox 827 4264 1053 4375; x_wconf 51' lang='lat' dir='ltr'><strong>intelligis,</strong></span> <span class='ocrx_word' id='word_1_236' title='bbox 1095 4256 1229 4371; x_wconf 92' lang='lat' dir='ltr'><strong>inquit</strong></span> <span class='ocrx_word' id='word_1_237' title='bbox 1252 4251 1314 4365; x_wconf 85' lang='lat' dir='ltr'><strong>b),</strong></span> <span class='ocrx_word' id='word_1_238' title='bbox 1344 4276 1549 4373; x_wconf 85' lang='lat' dir='ltr'><strong>quantum</strong></span> <span class='ocrx_word' id='word_1_239' title='bbox 1567 4289 1644 4358; x_wconf 25' lang='lat' dir='ltr'><strong>,re-‘¹⁸</strong></span> 
     </span>
     <span class='ocr_line' id='line_1_29' title="bbox 87 4400 1643 4514; baseline -0.003 -26"><span class='ocrx_word' id='word_1_240' title='bbox 87 4400 374 4514; x_wconf 75' lang='lat' dir='ltr'><strong>pretemione</strong></span> <span class='ocrx_word' id='word_1_241' title='bbox 398 4403 521 4514; x_wconf 81' lang='lat' dir='ltr'><strong>digni</strong></span> <span class='ocrx_word' id='word_1_242' title='bbox 546 4417 648 4483; x_wconf 79' lang='lat' dir='ltr'><strong>aunt</strong></span> <span class='ocrx_word' id='word_1_243' title='bbox 672 4405 925 4512; x_wconf 81' lang='lat' dir='ltr'><strong>antiquarii,</strong></span> <span class='ocrx_word' id='word_1_244' title='bbox 957 4406 1034 4514; x_wconf 85' lang='lat' dir='ltr'><strong>qui</strong></span> <span class='ocrx_word' id='word_1_245' title='bbox 1049 4410 1309 4484; x_wconf 83' lang='lat' dir='ltr'><strong>numismata</strong></span> <span class='ocrx_word' id='word_1_246' title='bbox 1343 4401 1558 4503; x_wconf 74' lang='lat' dir='ltr'><strong>mutilata,</strong></span> <span class='ocrx_word' id='word_1_247' title='bbox 1589 4429 1643 4484; x_wconf 86' lang='lat' dir='ltr'><strong>uc</strong></span> 
     </span>
     <span class='ocr_line' id='line_1_30' title="bbox 92 4532 1646 4651; baseline -0.003 -25"><span class='ocrx_word' id='word_1_248' title='bbox 92 4543 344 4626; x_wconf 72' lang='lat' dir='ltr'><strong>demerita</strong></span> <span class='ocrx_word' id='word_1_249' title='bbox 362 4535 483 4625; x_wconf 72' lang='lat' dir='ltr'><strong>nobis</strong></span> <span class='ocrx_word' id='word_1_250' title='bbox 504 4532 755 4644; x_wconf 80' lang='lat' dir='ltr'><strong>obtrudunt,</strong></span> <span class='ocrx_word' id='word_1_251' title='bbox 786 4544 912 4651; x_wconf 79' lang='lat' dir='ltr'><strong>quasi</strong></span> <span class='ocrx_word' id='word_1_252' title='bbox 942 4550 1088 4624; x_wconf 76' lang='lat' dir='ltr'><strong>antica</strong></span> <span class='ocrx_word' id='word_1_253' title='bbox 1117 4569 1261 4623; x_wconf 82' lang='lat' dir='ltr'><strong>eorum</strong></span> <span class='ocrx_word' id='word_1_254' title='bbox 1282 4566 1412 4650; x_wconf 82' lang='lat' dir='ltr'><strong>pars,</strong></span> <span class='ocrx_word' id='word_1_255' title='bbox 1441 4540 1646 4650; x_wconf 76' lang='lat' dir='ltr'><strong>qztae&#39;ad</strong></span> 
     </span>
    </p>
   </div>
   <div class='ocr_carea' id='block_1_3' title="bbox 26 4722 1501 4814">
    <p class='ocr_par' dir='ltr' id='par_1_3' title="bbox 26 4722 1501 4814">
     <span class='ocr_line' id='line_1_31' title="bbox 26 4722 1501 4814; baseline 0 -20"><span class='ocrx_word' id='word_1_256' title='bbox 26 4739 29 4745; x_wconf 89' lang='lat'>·</span> <span class='ocrx_word' id='word_1_257' title='bbox 92 4736 267 4805; x_wconf 63' lang='lat' dir='ltr'><strong>..iveta</strong></span> <span class='ocrx_word' id='word_1_258' title='bbox 287 4733 403 4814; x_wconf 64' lang='grc' dir='ltr'><strong>νωιες.</strong></span> <span class='ocrx_word' id='word_1_259' title='bbox 423 4754 489 4813; x_wconf 66' lang='grc' dir='ltr'><strong>μη.</strong></span> <span class='ocrx_word' id='word_1_260' title='bbox 507 4733 647 4814; x_wconf 58' lang='lat' dir='ltr'><strong>portu.</strong></span> <span class='ocrx_word' id='word_1_261' title='bbox 748 4733 783 4806; x_wconf 73' lang='lat' dir='ltr'><strong>of·</strong></span> <span class='ocrx_word' id='word_1_262' title='bbox 805 4735 876 4792; x_wconf 70' lang='lat' dir='ltr'><strong>cm.</strong></span> <span class='ocrx_word' id='word_1_263' title='bbox 896 4735 1001 4792; x_wconf 62' lang='lat' dir='ltr'><strong>esron.</strong></span> <span class='ocrx_word' id='word_1_264' title='bbox 1022 4734 1060 4791; x_wconf 62' lang='lat' dir='ltr'><strong>aa</strong></span> <span class='ocrx_word' id='word_1_265' title='bbox 1079 4754 1146 4796; x_wconf 64' lang='lat' dir='ltr'><strong>aaa,</strong></span> <span class='ocrx_word' id='word_1_266' title='bbox 1168 4734 1308 4806; x_wconf 71' lang='lat' dir='ltr'><strong>emmo</strong></span> <span class='ocrx_word' id='word_1_267' title='bbox 1327 4737 1388 4808; x_wconf 75' lang='lat' dir='ltr'><strong>§.o</strong></span> <span class='ocrx_word' id='word_1_268' title='bbox 1498 4722 1501 4729; x_wconf 87' lang='lat'>&#39;</span> 
     </span>
    </p>
   </div>
   <div class='ocr_carea' id='block_1_4' title="bbox 0 0 2018 5370">
    <p class='ocr_par' dir='ltr' id='par_1_4' title="bbox 0 0 2018 5370">
     <span class='ocr_line' id='line_1_32' title="bbox 0 0 2018 5370; baseline 0 0"><span class='ocrx_word' id='word_1_269' title='bbox 0 0 2018 5370; x_wconf 95' lang='lat' dir='ltr'><strong> </strong></span> 
     </span>
    </p>
   </div>
  </div>
 </body>
</html>
