4012 5370
793 465 1200 575 cnnnsnrcvs.
1259 481 1262 500 ¹
1303 536 1305 541 ⁴
1699 489 1771 568 son

220 635 343 699 Pisone
365 633 549 718 propinati,
584 645 797 716 mortuusque
824 647 873 696 est
894 634 972 717 Epi·
1029 637 1165 721 ejusque
1197 656 1271 699 cum
1306 635 1473 719 corporis,
1506 651 1573 699 tum
1596 638 1694 721 animi
1718 639 1774 703 ‹ie-

221 737 352 820 daphne
376 739 465 821 juxta
487 736 691 799 Antiochiam
715 735 768 798 die
792 737 846 800 tx.
872 736 972 799 Octo-
1029 759 1126 815 cora,
1175 739 1421 815 fortitudinem,
1471 739 1655 822 ingenium,
1680 743 1775 807 ¹'elo-

218 839 288 901 bris
312 842 353 920 ¹).
391 839 471 916 Ejus
493 837 622 921 vulgata
649 859 736 902 mors
757 836 970 912 incredibile,
1029 839 1212 922 quantiam,
1235 841 1480 924 doctrinamque
1498 843 1775 924 praecellentem,

221 953 344 1026 quanto
385 939 520 1020 dolore,
558 943 664 1017 iuctu,
706 938 969 1002 consternatione
1028 941 1213 1004 comitatem
1236 943 1269 1004 in
1291 944 1417 1022 socios,
1439 944 1773 1008 mansuetudinemin
1830 921 1833 936 ‚

220 1062 284 1126 per
313 1041 508 1123 imperium,
542 1056 638 1124 atque
660 1040 694 1101 in
722 1040 791 1124 ipsa
812 1039 895 1102 urbe
917 1061 972 1122 pa·
1026 1042 1149 1105 hostes·
1165 1045 1370 1128 amplissimis
1392 1045 1542 1107 laudibus
1564 1049 1713 1110 extulere
1729 1045 1771 1130 b).

222 1144 287 1206 lum
311 1155 446 1225 accepta
468 1144 528 1219 sit,
560 1144 691 1207 nemine
723 1141 788 1204 sibi
810 1141 850 1203 ab
879 1163 972 1226 aper·
1027 1145 1106 1225 Ejus
1124 1147 1254 1208 cineres
1280 1146 1320 1208 ab
1338 1147 1517 1231 Agrippina
1535 1169 1638 1212 uxore
1657 1169 1697 1212 ex
1717 1149 1775 1230 sy-

222 1244 266 1307 tis
286 1243 321 1306 in
340 1243 511 1306 Tiberium
537 1244 744 1307 contumeliis
767 1243 971 1319 moderante,
1028 1246 1076 1307 ria
1102 1249 1239 1309 Romam
1267 1247 1366 1311 delati
1395 1250 1427 1310 in
1452 1252 1592 1335 Augusti
1618 1253 1777 1334 sepulcro

224 1364 322 1430 quem
344 1346 632 1418 communiam,
654 1347 786 1408 occulto
807 1346 896 1428 jussu
919 1344 971 1404 Pi·
1029 1346 1152 1409 conditi
1168 1361 1252 1413 sunt.

224 1447 310 1511 suuis
342 1445 512 1512 veneficiis
535 1448 697 1530 objectum
720 1448 971 1522 Germanicum,
1092 1449 1186 1511 onr
1204 1451 1417 1532 Agrippina,
1440 1450 1481 1514 de
1499 1473 1560 1535 qua
1577 1451 1674 1518 inira.

224 1548 391 1633 arguebat.
437 1552 553 1651 Neque
579 1549 694 1612 deerat
717 1549 856 1611 orationi
878 1547 969 1613 tides.
1089 1549 1215 1615 Liberi.
1260 1554 1387 1614 Novem
1411 1573 1452 1615 ex
1474 1554 1654 1637 Agrippina
1682 1552 1775 1631 tulit,

225 1650 302 1712 iiam
332 1672 374 1712 an
411 1672 546 1713 ausuros
580 1641 751 1727 Pisonem,
788 1664 821 1712 et
844 1650 971 1712 Planci·
1027 1671 1086 1714 sex
1115 1654 1250 1736 reliquit
1280 1654 1490 1735 superstites,
1528 1657 1707 1731 beronem,
1742 1669 1777 1717 et

224 1772 294 1814 uam
312 1754 424 1834 palam
439 1753 623 1814 obtrectare
640 1751 773 1814 Caesari
791 1772 864 1813 cum
885 1773 969 1812 sum·
1027 1756 1176 1815 Drusum
1196 1756 1369 1831 Caesares,
1392 1756 1433 1816 de
1454 1755 1571 1836 quibua
1587 1752 1689 1830 infra,
1715 1757 1778 1818 Ca·

224 1875 272 1920 uss
288 1867 453 1937 potestate
477 1855 509 1915 in
525 1853 696 1915 Orientem
717 1853 835 1928 misso,
858 1850 919 1912 nisi
936 1850 970 1911 id
1021 1855 1224 1935 jamdictum
1239 1856 1438 1937 Caligulam.
1459 1857 1607 1917 Duorum
1619 1855 1780 1932 filiorum,

225 1954 283 2019 sibi
309 1975 373 2038 per
397 1954 567 2017 Tiberium
598 1969 631 2018 et
653 1956 766 2017 luliam
789 1954 892 2016 licere
915 1975 971 2016 no·
1027 1955 1087 2019 sesi
1116 1956 1171 2040 qui
1200 1956 1340 2018 infantes
1369 1957 1489 2018 mortui
1518 1972 1609 2034 suat,
1642 1959 1774 2022 nomina

227 2058 369 2123 sissent?
398 2059 441 2118 Et
461 2056 626 2120 constabat
646 2058 740 2134 satis,
761 2055 899 2120 inrisum
917 2056 972 2116 Ti-
1026 2072 1220 2122 conservant
1251 2056 1376 2140 lapides
1399 2057 1464 2120 duo
1486 2072 1561 2121 ante
1583 2054 1686 2120 annos
1706 2079 1777 2120 non

224 2158 314 2222 berio
338 2158 588 2233 Germanicum,
611 2180 706 2242 quem
729 2171 867 2240 propter
883 2177 972 2220 com·
1027 2161 1148 2221 multos
1181 2159 1214 2219 in
1244 2159 1327 2221 urbe
1358 2178 1474 2221 versus
1506 2173 1633 2242 portam
1655 2160 1775 2223 Flami·

226 2282 357 2324 utuuem
389 2245 711 2344 populi‘adfectum,
743 2274 776 2323 et
806 2260 901 2342 hujus
924 2260 971 2320 iu·
1025 2263 1113 2325 niam
1149 2261 1245 2323 eruti.
1289 2263 1325 2322 In
1357 2259 1474 2324 borum
1503 2280 1587 2323 unos
1625 2262 1779 2324 Tiberius-

225 2360 422 2426 flsmmatum
462 2363 634 2424 adversum
668 2381 706 2423 se
738 2360 849 2423 odium
879 2383 971 2444 para·
1031 2365 1153 2425 Caesar
1184 2362 1377 2424 Germanici
1400 2365 1604 2428 CaesarisF.
1623 2363 1680 2426 iric
1702 2384 1772 2425 cre·

171 2466 174 2471 ’
228 2472 293 2528 un
313 2483 540 2527 successorem
565 2464 739 2526 metuebat.
772 2464 846 2523 Non
866 2460 972 2523 tenuit
1027 2476 1137 2531 nautas
1154 2475 1214 2527 est.
1238 2466 1273 2522 ln
1290 2462 1372 2526 alio:
1395 2468 1429 2527 C.
1445 2468 1566 2529 Caesar
1581 2454 1774 2526 Germanici

226 2564 355 2628 uotam
379 2567 494 2650 populi
515 2563 711 2647 indignatio,
741 2586 814 2624 nam
837 2563 970 2627 subrer·
1030 2566 1185 2629 Caesaris
1207 2566 1243 2632 F.
1263 2566 1321 2627 iric
1339 2579 1579 2630 crematasest.
1619 2569 1655 2626 In
1676 2563 1780 2626 tertio-

225 2688 277 2730 sse
307 2667 448 2729 deorum
471 2689 564 2742 arae,
599 2680 747 2748 tanquam
770 2665 900 2747 imperii
923 2665 970 2749 pi·
1027 2665 1174 2727 Caesaris
1194 2685 1315 2728 nomen
1333 2667 1486 2729 extritum
1502 2677 1607 2741 vetat,
1629 2686 1694 2748 quo
1716 2665 1774 2726 mi·

224 2789 306 2854 gnus
322 2768 408 2830 male
433 2767 873 2855 custodisissenthlapislata
889 2781 970 2829 tem·
1025 2787 1086 2827 nus
1114 2766 1257 2828 omnium
1278 2786 1335 2827 sex
1359 2764 1539 2828 liberorum
1558 2767 1695 2828 marium
1717 2787 1775 2829 no·

223 2871 294 2954 pia,
326 2870 414 2931 lares
444 2869 477 2929 in
504 2868 669 2951 publicum
701 2869 828 2952 abjecti.
877 2872 992 2951 lpsos-
1026 2868 1112 2930 mina
1136 2867 1358 2946 teneamus⁰)ss
1390 2869 1588 2931 Trcssexus
1608 2866 1781 2942 feminini,

223 2971 320 3036 suan
341 2970 498 3033 barbaros
521 2971 625 3032 tenuit
643 2972 829 3048 miseratio,
850 2984 883 3032 et
900 2983 971 3032 erat
1028 2971 1272 3051 Agrippinam,
1294 2969 1335 3030 de
1358 2990 1436 3053 qua,
1458 2989 1532 3031 cum
1554 2968 1656 3031 fuerit
1676 2982 1774 3053 nupta

223 3073 388 3160 quoddam
410 3073 502 3135 reiut
522 3072 677 3154 justitium
701 3094 766 3135 non
788 3095 849 3158 per
867 3071 967 3154 impe·
1027 3070 1185 3146 Claudio,
1205 3068 1320 3152 agetur
1341 3084 1414 3153 post
1438 3071 1532 3152 hujus
1554 3071 1695 3153 Augusti
1717 3093 1774 3132 nu·

222 3175 307 3239 sim
339 3174 444 3236 modo
469 3176 530 3246 ἢ,
558 3173 617 3235 sed
645 3196 707 3257 per
735 3189 839 3236 totum
867 3187 968 3236 terra·
1026 3195 1111 3246 mos,
1134 3173 1337 3249 Drusillam,
1360 3186 1394 3235 et
1410 3173 1535 3234 lulium
1551 3173 1714 3236 Liuillam
1730 3170 1774 3252 ⁶¹)

221 3296 296 3340 n·
318 3277 434 3339 orbem
463 3274 633 3340 indictum.
678 3277 762 3338 Sane
784 3296 849 3336 non
871 3274 969 3336 babet
1025 3277 1077 3349 De
1101 3289 1235 3359 utraque
1260 3257 1353 3357 agam
1380 3258 1570 3359 infra·post
1593 3275 1780 3360 Caligulam,

222 3378 332 3441 mis
355 3377 469 3442 aetatis
493 3378 649 3441 memoria
674 3378 750 3441 inde
773 3378 813 3440 ab
829 3378 970 3440 Alexan·
1025 3378 1059 3438 in
1079 3377 1173 3459 hujus
1193 3377 1378 3441 sororibun

221 3479 285 3545 dre
308 3483 354 3543 Ι.
373 3481 491 3555 alium,
521 3480 612 3560 cujus
635 3492 808 3541 moratam
830 3478 970 3555 acerbe,

221 3601 261 3647 se
298 3580 418 3644 dolore
456 3582 558 3666 magis
587 3580 716 3643 sincero
746 3596 879 3664 accepta
909 3583 969 3658 sit,

221 3704 332 3768 seque
359 3683 395 3745 id
425 3686 532 3744 solum
562 3697 723 3765 concepto
754 3703 794 3744 ex
817 3698 969 3764 tempore

221 3787 332 3860 luctu,
353 3806 468 3847 uerum
491 3787 523 3845 in
546 3787 664 3847 multos
686 3807 786 3847 annos
804 3785 970 3847 continua·
1168 3781 1466 3848 GERMANICVS.
1483 3779 1667 3844 CAESAR.
1692 3777 1779 3841 Ger·-

171 3874 184 3889 ⁸
220 3901 275 3965 to,
296 3887 345 3950 sic
362 3900 398 3948 ut
415 3887 449 3947 in
467 3887 538 3968 ejus
556 3887 735 3950 liberorum
756 3886 855 3949 rebus
875 3887 968 3950 laetis
1167 3886 1318 3946 manicos
1336 3887 1373 3946 in
1396 3885 1571 3964 quadrigis
1589 3881 1777 3962 triumpha·-

219 4003 361 4075 μῦμα·
383 4003 553 4073 parentem
574 3987 755 4074 gauderent
773 3990 969 4051 una-Roma.-
1167 3985 1273 4058 libus,
1289 4006 1315 4045 s.
1328 3989 1505 4064 scipionem
1525 4004 1599 4044 cum
1620 3984 1748 4062 aquila.

218 4090 273 4170 ui,
294 4104 332 4155 et
348 4089 503 4154 dolerent
524 4091 557 4151 in
580 4091 736 4155 adversis.
776 4093 895 4154 Nactus
917 4103 967 4153 est
1026 4081 1378 4152 stontsmecerr.
1398 4084 1769 4153 nevtcrtS.GEnt1.

219 4192 354 4260 virttis
371 4214 449 4257 suae
468 4213 650 4276 praecones
668 4214 799 4268 omnes,
832 4193 969 4277 quicuu·
1026 4191 1058 4254 S.
1069 4191 1104 4252 C.
1129 4187 1348 4250 Germanicus
1363 4176 1545 4270 paludatas
1557 4200 1651 4247 stans
1667 4188 1700 4246 d.
1715 4207 1774 4245 ea·-

219 4315 286 4382 ςιο
316 4318 374 4360 res
394 4299 558 4359 Romanas
583 4296 691 4359 iiteris
713 4295 969 4377 consignavere,
1026 4305 1182 4366 sensns.
1201 4293 1348 4370 aquilam
1360 4290 1597 4385 regionarium.
1621 4286 1693 4351 ΔΕ.
1711 4289 1750 4350 11.

1085 3613 1190 3681 Numi
1212 3614 1406 3678 Germanici
1419 3633 1457 3673 eo
1478 3613 1552 3674 vivo
1568 3613 1713 3696 signati..

255 4595 290 4663 a)
310 4591 435 4651 Kalend.
452 4591 683 4647 saar-rmbntiat.
757 4588 794 4659 b)
814 4587 1092 4646 Sust.inCsl.e.t
1113 4607 1175 4663 serp.
1203 4582 1425 4652 Dio,TacituS.
1500 4583 1531 4653 c)
1551 4583 1675 4658 Feggiai
1693 4585 1770 4640 Fasti

220 4680 319 4737 Verrii
335 4702 365 4757 p.
378 4696 438 4745 151.
515 4681 548 4754 d)
569 4683 650 4738 Suet.
668 4680 697 4735 iu
713 4679 807 4756 Calig.
825 4699 850 4736 c.
861 4693 887 4742 7.

265 4790 362 4871 (Vol.
380 4790 456 4870 Vl.)
1446 4779 1475 4839 i)
1498 4777 1519 4838 d
