3998 5340
767 436 886 511 SEX.
917 435 1228 513 POMPEIVS.
1724 460 1769 526 35

220 631 392 690 numerus,
424 632 521 696 quem
548 630 672 695 augere
703 629 764 694 per
784 610 881 692 leges
901 630 968 671 non
1026 608 1068 671 de
1090 629 1185 671 causa
1206 608 1353 690 Lepido,
1375 610 1436 672 etsi
1457 609 1597 694 imperio
1620 629 1696 673 eum
1718 629 1772 673 ex·

217 709 327 790 licuit,
360 734 397 776 ac
419 713 559 798 proinde
588 733 680 774 mors
710 712 804 773 unius
834 730 969 794 exspec·
1026 710 1146 787 uisset,
1168 711 1349 773 inexilium
1370 711 1542 794 ejecisset,
1571 727 1605 776 et
1622 713 1771 776 omnibus

217 814 324 879 tanda.
347 815 446 907 Quod
465 835 544 881 sero
562 814 701 875 maxime
727 811 862 896 probat,
893 832 968 875 eum
1026 811 1130 875 modis
1148 826 1317 890 vexasset,
1345 825 1451 876 tamen
1467 815 1688 897 pontificatum
1709 836 1772 878 rna·

220 931 411 1001 auguratum
447 936 613 1000 nunquam
643 927 876 993 consecutum,
918 928 968 978 est
1026 914 1167 990 simum,
1198 913 1303 998 quoad
1333 913 1431 991 rixit,
1458 935 1526 977 nou
1559 916 1699 994 ademit,
1727 929 1774 979 et·

218 1017 357 1081 alterum
390 1017 508 1080 Dionis
544 1014 782 1092 testimonium,
823 1037 888 1100 quo
918 1037 971 1080 re·
1028 1016 1066 1092 si,
1088 1031 1124 1080 ut
1145 1036 1221 1078 eum
1247 1017 1446 1099 susciperet,
1465 1016 1597 1102 saepius
1615 1039 1633 1079 a
1651 1017 1774 1101 populo

216 1120 284 1184 lert
301 1125 348 1201 ¹),
379 1120 514 1184 Illviros
537 1118 617 1180 ortis
639 1119 759 1181 iterum
779 1119 822 1185 V.
847 1119 882 1182 C.
906 1142 969 1203 7¹7
1025 1117 1275 1201 interpellatus,
1311 1118 1384 1202 quia
1413 1117 1468 1180 hic
1502 1138 1632 1202 quoque
1660 1138 1778 1202 perpe·

217 1222 312 1286 noris
334 1221 460 1284 irarum
488 1217 595 1284 causis
618 1219 697 1285 Sex.
722 1221 872 1304 Pompeio
895 1239 970 1283 con·
1026 1233 1101 1283 tuus
1122 1219 1200 1298 luit,
1233 1233 1267 1282 et
1288 1219 1411 1285 virenti
1437 1218 1535 1282 adimi
1563 1238 1630 1282 nou
1658 1220 1773 1303 potuit.

217 1326 386 1401 solutum,
412 1337 445 1385 et
462 1325 703 1399 sacerdotium,
731 1341 816 1401 quoe
833 1324 866 1384 οἱ
889 1321 969 1384 DE·
1027 1322 1079 1383 Ex
1107 1320 1227 1405 quibus
1253 1334 1287 1385 et
1307 1321 1521 1398 testimoniis,
1559 1335 1594 1385 et
1615 1321 1775 1406 exemplis

222 1422 441 1488 STINATA
453 1424 619 1505 socrant,
643 1426 823 1500 ademisse,
847 1443 898 1485 sos
917 1444 970 1506 prs
1027 1437 1156 1488 eertum
1185 1423 1319 1508 utique,
1356 1425 1458 1487 Serto
1493 1426 1695 1508 nequaqnam
1722 1447 1776 1487 su·

220 1522 342 1608 Σεξςον
365 1549 421 1600 της
439 1546 474 1585 ss
489 1525 645 1602 ιἐρωσυνης
659 1522 736 1608 ἅμα,
757 1548 808 1585 και
824 1547 881 1600 της
897 1521 971 1586 dare·
1028 1538 1196 1609 gurstum,
1226 1525 1376 1606 aredius,
1409 1524 1498 1609 quod
1526 1525 1568 1588 ad
1596 1527 1691 1589 illum
1712 1547 1774 1610 per

218 1650 322 1706 ταας,
341 1625 374 1701 ἐς
391 1623 425 1705 ἦν
444 1618 655 1702 dnsdrdsono,
681 1624 824 1689 irrasos».
856 1623 971 1687 Enim·
1026 1626 1300 1703 numinensium,
1324 1641 1359 1690 et
1381 1641 1473 1710 pacta
1492 1626 1704 1692 obtinendum
1721 1629 1777 1690 ha·
1890 1694 1900 1703 ,

219 1751 299 1793 sero
318 1730 345 1792 si
363 1741 554 1811 auguratum
573 1727 636 1812 jam
659 1727 876 1811 suscepisset,
906 1749 969 1812 qua
1026 1727 1114 1802 buit,
1133 1729 1232 1792 luisse
1249 1729 1453 1812 abrogatum.

216 1831 244 1892 is
266 1831 393 1894 ratione
420 1830 517 1894 etiam
544 1831 585 1893 ab
609 1828 699 1892 iratis
725 1829 823 1892 adimi
846 1829 970 1913 potuis·
1090 1831 1142 1891 Ex
1170 1830 1220 1892 his
1242 1851 1337 1914 ergo,
1370 1849 1452 1914 quae
1480 1827 1601 1923 fusius,
1628 1847 1665 1891 ac
1687 1827 1776 1891 forte

215 1947 286 2008 set,
319 1952 393 1995 cum
422 1930 641 1996 sacerdotium
670 1930 752 1993 illud
784 1952 827 1994 ex
852 1944 968 1995 vetere
1026 1950 1092 1992 uon
1121 1931 1282 1994 inutiliter
1310 1930 1492 2014 disputavi,
1529 1930 1652 2014 liquet,
1683 1950 1777 2014 quam

218 2032 365 2098 instituto
397 2046 591 2116 perpetuum
626 2031 729 2094 fucrit
745 2029 803 2115 b)‘.’
843 2033 969 2095 Plinius
1027 2031 1163 2098 diificile
1187 2034 1246 2111 sit,
1284 2032 1327 2095 de
1349 2047 1490 2117 utroque
1511 2053 1647 2098 aversae
1669 2030 1774 2114 capite

216 2135 327 2216 junior
377 2147 569 2220 auguratum
602 2146 699 2198 vocat
744 2138 969 2198 sacerdotium
1027 2134 1111 2198 certi
1133 2135 1210 2220 quid
1233 2135 1451 2209 constituere,
1473 2154 1546 2198 cum
1567 2148 1695 2197 eertum
1717 2133 1774 2209 sit,

218 2257 292 2298 cum
305 2242 499 2318 prt'scumet
511 2236 715 2317 religiosum,
731 2246 802 2298 tum
816 2237 877 2299 ltoc
891 2257 969 2317 quo·
1025 2237 1178 2320 Pompejl
1199 2239 1245 2303 Μ.
1268 2236 1393 2300 liberos
1414 2257 1578 2321 nunquam
1600 2248 1774 2319 auguratus

216 2359 280 2417 que
294 2358 426 2399 socrum
448 2339 552 2420 plone
576 2350 609 2399 ct
626 2339 774 2418 insigne,
799 2341 888 2418 quod
903 2359 970 2400 non
1025 2338 1188 2402 honorem
1211 2359 1284 2402 esse
1306 2352 1509 2402 consecutos.
1541 2338 1578 2400 Si
1600 2350 1696 2421 caput
1717 2358 1775 2398 nu·

217 2441 382 2501 adimitur
395 2440 533 2515 viventi,
547 2450 581 2500 et
594 2437 716 2501 diserte
726 2439 922 2502 Plutarchus
936 2442 968 2524 ο)
1026 2441 1071 2502 mi
1110 2442 1269 2524 postremi
1290 2463 1332 2504 ex
1353 2441 1458 2504 latere
1480 2440 1612 2504 sinistro
1634 2438 1776 2523 positum

217 2560 381 2624 nunquam
409 2539 543 2623 auguri,
567 2538 629 2603 etsi
653 2560 854 2604 summorum
878 2539 969 2625 {lagi-
1026 2562 1106 2607 rere
1124 2556 1175 2605 est
1194 2543 1271 2609 Sex.
1287 2544 1456 2627 Pompeii,
1479 2555 1515 2604 ut
1533 2541 1696 2616 creditur,
1718 2539 1778 2600 mi·

216 2643 340 2706 tiorum
360 2654 551 2724 comperto,
566 2641 719 2725 abrogari
737 2643 969 2719 sacerdotium,
1026 2664 1087 2706 nus
1108 2643 1223 2707 laboro
1251 2659 1386 2728 propter
1416 2643 1605 2708 adstitutum
1629 2654 1775 2724 guttum,

218 2745 382 2829 aliumque
411 2744 447 2805 in
470 2743 540 2825 ejus
576 2742 686 2806 locum
717 2743 791 2807 fieri
813 2758 969 2820 testatur,
1028 2765 1127 2829 quem
1150 2766 1225 2809 esse
1246 2746 1402 2830 perinde,
1434 2752 1485 2819 Lac
1504 2745 1622 2809 lituum
1643 2762 1778 2824 augura-

219 2846 282 2910 etsi
310 2843 398 2907 istud
433 2842 599 2926 contingat
621 2846 754 2907 alterius
777 2845 901 2908 ordinis
923 2866 971 2906 sa·
1029 2859 1080 2907 tus
1107 2844 1256 2929 insigne,
1294 2845 1417 2908 docent
1445 2845 1533 2908 obvii
1563 2841 1701 2928 quinarii
1730 2844 1777 2903 tt.

220 2941 423 3012 cerdotibus.
463 2944 549 3007 sans
584 2944 612 3007 si
647 2945 745 3008 adimi
781 2963 875 3007 sacer
916 2944 971 3007 hie
1030 2946 1176 3023 Antonii,
1197 2960 1230 3009 et
1249 2944 1375 3008 denarii
1392 2946 1433 3009 L.
1445 2946 1567 3007 Sullae.
1592 2930 1780 3006 T'mn'enisn

220 3050 426 3133 magistratus
461 3045 639 3131 potuisset,
676 3059 711 3110 et
738 3047 848 3130 reipsa
870 3045 971 3108 Sexto
1030 3047 1096 3111 dici
1122 3060 1246 3133 potest,
1273 3066 1349 3110 eum
1370 3051 1580 3126 προληπικως
1604 3043 1779 3129 gloriatum

220 3154 289 3214 tuin
306 3149 490 3232 'ademptus
519 3148 652 3224 luisset,
690 3168 758 3213 nou
793 3147 973 3212 dubitasset
1029 3149 1204 3232 dignitate,
1227 3168 1321 3233 quam
1340 3149 1473 3234 quidem
1495 3147 1638 3211 nondum
1657 3146 1780 3221 adivit,

218 3253 417 3317 Octavianus
448 3250 574 3334 aliquot
599 3264 675 3334 post
705 3251 799 3315 annis
829 3250 971 3314 eundem
1030 3250 1089 3313 sed
1104 3270 1186 3335 qnae
1202 3235 1313 3314 tomen
1328 3250 1644 3325 sibidestinatasuit‚
1661 3263 1781 3332 ntpas·

220 3374 352 3440 quoque
375 3350 507 3417 auferre
528 3354 574 3413 tt.
597 3353 764 3436 Antonio,
786 3373 884 3437 quem
905 3370 972 3417 non
1031 3351 1090 3414 sim
1116 3353 1302 3417 consulatus
1330 3353 1520 3449 designatos
1545 3352 1722 3416 memorari
1746 3351 1780 3411 in

218 3454 379 3520 dubitarit
407 3452 577 3518 consulatu
609 3451 798 3540 designato,
835 3475 873 3518 sc
894 3455 973 3518 reli·
1029 3453 1137 3517 numis
1154 3453 1314 3523 videmus.

220 3580 284 3643 qua
315 3569 477 3643 potestate
507 3555 596 3619 omni
617 3555 748 3640 privare
764 3553 807 3641 tl).
846 3556 973 3620 Eadem
1239 3557 1242 3560 ’

855 3892 1140 3960 PBEYIVM·
1197 3942 1201 3956 .

423 4280 814 4349 Aeneiassisiorma·
896 4313 910 4330 ·
992 4314 1007 4331 ·
1282 4313 1296 4330 ·
1381 4312 1396 4330 ·
1508 4322 1516 4339 .

223 4468 1782 4501 mm

226 4683 245 4740 d
261 4598 305 4741 sp)
312 4597 345 4654 L.
359 4594 491 4658 XLVIII.
509 4597 533 4670 l.
544 4603 589 4661 511.
663 4594 701 4668 lt)
719 4591 783 4654 Lis.
796 4593 828 4653 is.
844 4597 867 4658 l.
881 4613 908 4654 c.
921 4600 964 4659 te.
982 4590 1105 4672 Dionys.
1120 4589 1186 4649 Hal.
1201 4591 1234 4650 L.
1246 4590 1285 4651 11.
1303 4611 1328 4650 c.
1341 4603 1385 4652 tt.
1460 4595 1491 4664 c)
1511 4595 1541 4649 in
1556 4585 1676 4665 Quaest.
1692 4593 1780 4651 Rom.

246 4687 261 4758 )
307 4689 336 4746 io
351 4688 383 4746 L.
396 4687 429 4746 L.
448 4688 473 4761 i.
485 4696 512 4750 lt·
1542 4716 1551 4728 ¹
1732 4688 1736 4698 '

287 4779 471 4866 (VotVl.)
1508 4777 1537 4834 E
