4012 5370
624 445 858 547 ouvavs
894 457 1126 548 seruos.
1581 498 1649 565 su

201 653 262 699 tum
290 642 387 700 arcui
411 640 626 722 triumphali,
657 666 753 726 super
785 667 848 724 quo

201 740 213 800 i
225 751 342 802 statua
356 746 516 820 equestris
525 745 614 805 iuter
623 747 688 807 duo
702 761 847 828 tropaea.

201 843 264 906 iii.

201 942 347 1007 eiereute
363 945 471 1009 Dione
493 951 527 1028 s)
542 950 746 1034 Druso-post
763 973 849 1014 mor·

201 1047 230 1107 sb
249 1067 305 1108 res
324 1047 501 1110 adversum
516 1050 697 1114 Germanos
715 1074 849 1137 prospe·

907 644 949 707 de
976 666 1048 729 rep.
1065 644 1152 708 bene
1171 643 1297 710 meritis
1322 649 1467 713 conserui
1491 651 1648 717 solebant.

906 746 986 827 Ejus
1006 745 1138 830 generis
1152 762 1261 825 erant,
1277 770 1358 833 quae
1376 751 1531 834 Trajenua
1548 755 1652 838 impe·

906 849 991 912 rium
1016 851 1197 933 auspicatus
1222 853 1360 914 naturali
1383 874 1441 915 suo
1463 856 1548 936 patri
1572 878 1649 920 oon·

907 949 1026 1028 stituit,
1055 966 1091 1013 ut
1114 950 1251 1015 dicetur.
1296 953 1423 1016 Eodem
1456 956 1554 1019 modo
1582 962 1648 1021 Ma·

905 1053 1014 1117 erinus
1032 1053 1217 1116 Caraeaiiae
1233 1056 1317 1118 duos
1331 1070 1464 1119 stutuus
1473 1076 1650 1138 equestres,

201 1162 275 1212 astas
307 1148 433 1212 decreti
460 1165 532 1212 sunt
560 1153 703 1216 honores
732 1170 848 1220 statua·
901 1157 1069 1238 pedestres
1083 1158 1168 1217 duas
1182 1154 1302 1218 habitu
1318 1160 1476 1231 militari,
1500 1163 1657 1225 sedentes-

212 1263 246 1312 et
262 1271 357 1314 arcus
373 1253 603 1335 triumphales,
622 1268 654 1317 et
671 1254 853 1319 Suetonius

201 1372 322 1416 toreum
351 1375 461 1416 arcum
485 1377 558 1417 cum
585 1357 727 1438 tropaeis
742 1357 776 1418 in
798 1359 847 1422 via

201 1479 207 1516 ι
225 1452 397 1516 decretum
414 1470 572 1519 memorat
586 1455 630 1538 b),

201 1554 309 1620 ubitam
325 1578 390 1618 non
405 1559 544 1636 videtur,
563 1580 675 1623 omues
692 1557 848 1623 hosDru·

201 1681 261 1722 uos
279 1657 422 1742 signatos
440 1661 538 1724 fuisso
558 1661 737 1744 imperante
754 1662 847 1724 Clau·

212 1762 270 1846 qui
296 1762 396 1845 patris
429 1764 618 1825 memoriam
648 1783 847 1824 commemo·

201 1864 300 1943 seius
320 1865 488 1945 praeclare
507 1867 606 1947 gestis
625 1865 776 1927 renovari
791 1885 847 1927 vo-

215 1963 258 2024 Ιᾶ
277 1968 404 2027 tametsi
427 1987 468 2028 ex
487 1966 590 2028 citatis
612 1966 665 2029 hic
684 1967 791 2028 aureis
813 1979 847 2027 et

204 2064 267 2126 teis
290 2066 424 2149 probari
439 2089 504 2129 uon
521 2068 639 2150 possit,
665 2081 773 2129 tamen
791 2087 847 2128 ue·

201 2165 237 2228 le
260 2167 297 2228 fit
321 2189 362 2230 ex
387 2169 515 2244 aeneis,
544 2166 599 2249 qui
617 2169 770 2232 continuo
792 2167 848 2230 de·

201 2280 297 2332 intur.
467 2352 485 2388 ἶ.

361 2400 380 2434 s
568 2398 588 2434 s

237 2470 373 2535 NERO.
401 2471 632 2538 CLAVDIVS.
656 2469 843 2538 DRVSVS.

241 2573 538 2638 GERMANICVS.
587 2572 675 2634 ΙΜΡ.
740 2573 846 2655 Caput

243 2677 352 2737 Drusi
370 2679 502 2736 nudum.

201 2777 403 2843 LAVDIVS.
423 2778 605 2841 CAESAR.
627 2778 726 2845 Ave.
743 2778 780 2838 P.
797 2778 843 2838 Μ.

201 2880 226 2943 i.
246 2882 334 2942 IMP.
351 2881 388 2942 Ρ.
405 2882 443 2941 Ρ.
463 2881 497 2943 S.
520 2880 556 2943 C.
583 2883 643 2942 Vir
662 2892 796 2960 togatus
813 2881 843 2941 d.

201 3001 231 3040 m
255 2994 384 3057 teneus,
419 2985 595 3060 sedensque
617 2983 706 3043 iuter
730 2998 844 3061 conge·

202 3101 378 3143 armorum.
401 3084 471 3146 AF..
489 3085 512 3143 1.
833 3157 844 3167 α

241 3184 374 3246 NERO.
405 3182 842 3250 CLAVD1VS.DRVSVS.

242 3283 440 3350 GERMAN.
457 3289 544 3350 IMP.
563 3287 596 3352 S.
617 3287 652 3348 C.
673 3306 770 3344 arcus
785 3287 845 3346 tri·

243 3389 420 3466 umphulis,
436 3402 474 3448 ut
487 3410 586 3467 supro
599 3390 635 3448 in
650 3388 772 3462 aureis,
788 3386 847 3447 sed

241 3491 314 3551 siue
331 3490 403 3550 DE.
423 3489 559 3553 GERM.

201 3608 227 3650 m
241 3592 421 3672 epigraphe
437 3595 508 3653 sine
520 3592 554 3654 S.
569 3591 605 3654 C.
625 3590 731 3666 Caput
751 3587 847 3650 Cluu-

201 3705 364 3754 tureatum.
387 3693 456 3752 ΑΕ.
474 3694 498 3756 1.
515 3690 663 3772 (Moreili
683 3689 804 3771 impp.)

201 3793 269 3857 enei
289 3814 421 3868 omnes,
446 3794 508 3855 nisi
526 3793 580 3877 qui
597 3791 738 3854 restituti
752 3802 845 3864 aunt,

201 3887 318 3960 :undio
330 3895 430 3957 Drusi
448 3893 517 3956 iilio
537 3915 710 3976 percussos
729 3906 848 3954 testan-

218 3997 329 4078 'I'ypus
364 4017 498 4059 aversae
526 3994 560 4056 in
597 4015 696 4056 numo
733 3995 854 4077 priore*

212 4096 310 4160 dubie
328 4096 457 4160 effictus
474 4096 579 4159 estad
602 4097 770 4178 exemplar
788 4109 848 4158 ata·

201 4218 244 4276 rs,
280 4220 358 4283 quas
379 4221 475 4282 supra
497 4200 605 4261 Druso
626 4198 776 4261 decretas
802 4195 849 4257 tii·

201 4321 219 4369 ι,
261 4300 365 4363 Erant
398 4302 460 4367 hae
474 4279 556 4384 ’pars
582 4312 846 4363 ornamentorum

201 4400 365 4486 phsiium,
385 4423 486 4488 uuae
519 4403 598 4463 viris
633 4401 784 4477 mortuis,
814 4413 848 4461 et

905 1256 1000 1318 civili
1031 1255 1148 1318 tabita
1179 1259 1278 1332 duos,
1312 1259 1392 1320 item
1424 1261 1499 1322 divo
1529 1262 1649 1325 &uero
1750 1256 1753 1263 ’

905 1358 989 1417 duas
1007 1357 1226 1437 triumphales
1244 1359 1346 1422 dicari
1361 1361 1463 1423 voluit
1479 1363 1519 1442 ⁰).

1262 1459 1282 1496 ῃ
1367 1475 1370 1484 .

1158 1504 1178 1540 s
1366 1507 1386 1544 s

1042 1560 1227 1640 DRVSVS.
1255 1561 1362 1642 Caput
1377 1564 1509 1627 nudum.
1531 1565 1603 1631 AR.

966 1662 1063 1724 Hune
1093 1659 1269 1723 denarium
1283 1660 1419 1725 edidere
1436 1665 1649 1744 Vaiiiantius,

904 1773 938 1822 et
953 1762 1126 1835 Mareliius
1150 1762 1347 1825 dissimulata
1373 1766 1475 1829 altera
1491 1767 1581 1828 numi
1599 1789 1650 1829 su·

904 1861 1040 1943 perfinia
1060 1863 1147 1926 inter
1164 1885 1279 1926 numos
1299 1865 1476 1947 Caligulae,
1495 1870 1550 1951 qui
1566 1867 1650 1931 adeo

905 1963 1020 2023 avisui
1038 1963 1180 2027 restituit
1197 1967 1404 2045 memoriam,
1433 1982 1466 2030 ut
1483 1970 1572 2035 aviae
1586 1972 1650 2031 An-

903 2062 1010 2126 toniae
1025 2085 1141 2128 numos
1155 2066 1303 2150 signavit.

1274 2169 1294 2204 Ι

1170 2215 1189 2252 s
1379 2216 1398 2253 s

1044 2267 1179 2332 NERO.
1210 2270 1649 2337 cLavD1VS.DRvsv8.

1041 2366 1336 2439 GERMAttlcvs.
1352 2373 1440 2437 IMP.
1467 2375 1574 2456 Caput
1590 2396 1649 2435 nu·

1047 2470 1136 2532 dum.

904 2569 937 2631 S.
954 2568 990 2633 C.
1011 2569 1091 2652 Spes
1109 2575 1269 2651 gradiens
1291 2574 1361 2634 ΑΕ.
1376 2574 1400 2636 1.
1416 2575 1594 2654 (Morelli.)

973 2680 979 2692 '
1045 2671 1178 2737 NERO.
1197 2673 1252 2735 CL
1268 2708 1283 2722 ·
1295 2666 1311 2722 -’
1326 2708 1340 2724 ·
1356 2676 1536 2741 Mattlcv.
1560 2679 1648 2736 ΙΜΡ.

1049 2775 1157 2853 Caput
1172 2778 1305 2836 nudum.
1622 2829 1625 2833 ,

903 2873 1020 2935 SPES.
1038 2872 1118 2956 Spes
1126 2877 1294 2953 gradiens.
1307 2875 1377 2938 te,
1387 2879 1413 2940 1.
1425 2877 1526 2956 (Mus.
1539 2875 1647 2957 Caes.)

902 2973 1224 3041 Fabrioaerutlioris.

966 3077 1091 3140 Aversa
1108 3074 1189 3139 haee
1206 3075 1301 3138 obvia
1328 3075 1360 3134 iu
1378 3074 1484 3137 numis
1501 3074 1649 3152 Claudii,

903 3197 1006 3261 equo
1031 3177 1212 3242 verisimile
1236 3176 1303 3238 dixi
1328 3196 1442 3239 omnes
1465 3179 1566 3240 Drusi
1590 3199 1648 3242 uu·

902 3298 972 3339 mos
997 3297 1107 3355 cusos,
1129 3292 1225 3363 atque
1252 3279 1348 3342 etiam
1371 3279 1465 3360 Spem
1492 3299 1533 3341 ex
1559 3293 1649 3342 certa

901 3401 997 3444 eausa
1030 3380 1243 3465 impensiusa
1266 3379 1404 3442 Claudio
1427 3378 1647 3452 observatam,

903 3482 1006 3569 diuam
1034 3483 1069 3544 iu
1102 3483 1198 3567 hujus
1220 3494 1361 3545 moneta.
1413 3482 1537 3544 Numus
1563 3483 1648 3543 ulter

902 3583 1045 3649 rudioris
1069 3584 1178 3667 operis
1195 3583 1354 3665 signatum
1370 3600 1408 3643 se
1425 3580 1458 3642 iu
1481 3580 1648 3664 provincia

904 3686 1051 3769 quapiam
1087 3680 1261 3767 profitetur
1298 3695 1426 3763 sumpto
1463 3704 1480 3745 a
1516 3696 1647 3746 monete

903 3786 994 3850 urbis
1020 3787 1189 3871 exemplo,
1213 3784 1301 3870 quod
1323 3799 1356 3849 et
1383 3782 1536 3848 omissum
1562 3784 1594 3848 S.
1612 3785 1646 3846 C.

904 3887 1105 3972 comprobat.

1089 4127 1193 4194 Numi
1205 4132 1465 4190 restitutionum.

968 4297 1039 4360 Hos
1058 4295 1240 4379 descriptos
1267 4293 1341 4358 ride
1361 4295 1455 4356 altius
1475 4294 1507 4352 in
1535 4306 1647 4354 tracta·
1739 4295 1745 4305 ‘

904 4412 940 4461 tu
960 4398 1001 4462 de
1023 4399 1084 4462 hac
1101 4417 1273 4461 rumorum
1293 4396 1407 4457 classe.

201 4686 291 4746 ..tu
308 4707 333 4745 o.
345 4701 371 4750 2.
446 4688 482 4761 b)
501 4688 531 4746 iu
545 4687 650 4747 Claud.
670 4701 729 4746 c.1.
806 4683 1063 4763 c)·Capitoliu.-ia
1081 4680 1220 4738 Macrino.

201 4797 240 4858 ul.
259 4798 333 4879 Vt.)

1337 4789 1361 4846 z
1486 4817 1490 4826 .
