4012 5370
913 473 1090 545 mrum
1708 494 1782 564 15„

218 636 371 720 inscripti
390 631 557 698 ῙΟΤΛῙΑ
581 636 697 699 additis
712 637 899 721 imperantis
915 640 971 703 Ti·
1044 685 1049 692 -
1091 634 1360 708 ΣΕΒΑΣΤΟΣ.
1379 636 1619 718 ΣΕΒΑΣΤΗ,
1636 651 1673 711 in
1686 651 1775 712 ulio:

220 735 308 801 torti
326 738 437 812 snnis,
455 760 536 824 quos
554 740 586 801 in
605 740 711 802 numis
728 740 853 803 Tiberii
870 745 902 805 in
921 747 972 807 lu·
1027 735 1281 809 ΣΕΒΑΣΤΟῙ.
1313 745 1449 827 'Cupite
1469 748 1637 829 Augusti,
1668 750 1776 813 etLi·

219 840 302 903 dscs
318 841 616 924 signetisrecitari.
652 840 742 923 (vot.
760 845 815 907 ttt.
830 864 861 926 p.
877 852 969 927 497.)
1028 848 1101 906 vine
1125 845 1178 905 uel
1194 846 1331 926 jugata,
1363 849 1417 910 vel
1432 851 1588 925 aduersu,
1611 850 1644 911 in
1666 849 1774 914 numis

221 945 257 1004 lu
278 963 381 1005 numo
409 943 498 1005 urbis
523 944 681 1023 ignotae,
705 964 801 1025 quem
828 946 912 1009 infra
935 948 969 1009 in
1023 945 1190 1029 Pergami.
1215 948 1283 1006 ΑΕ.
1299 950 1352 1008 111.

220 1047 328 1110 sumis
350 1046 450 1108 lulise
468 1045 605 1129 Augusti
622 1067 664 1107 ex
691 1033 969 1113 Scribonianum
1168 1040 1453 1113 ΣΜΤΡΝΑΙΟΙ.
1486 1044 1773 1132 ΣΕΒΑΣΤΟΙΣ.

221 1147 426 1221 ὴιαὶὺιω.
454 1145 513 1208 sed
538 1147 593 1229 qui
621 1160 752 1209 nostrae
770 1149 845 1212 huic
868 1149 969 1214 luline
1171 1148 1291 1229 Capita
1319 1148 1441 1232 jugata
1464 1152 1634 1233 Augusti,
1663 1168 1695 1218 et
1719 1156 1777 1219 Lt-

222 1264 315 1317 ωηο
329 1249 481 1320 debetur,
501 1247 621 1310 dicitur
632 1243 969 1329 ΚΑΡΠΟΦΟΡΟΣ,
1169 1253 1255 1313 viae.

214 1353 405 1435 fiugr'J'eru,
428 1351 519 1413 velut
534 1350 635 1413 alters
654 1351 766 1414 Ceres.
1026 1345 1298 1414 ΔΙΟΝΤΣΙΟΣ.
1319 1346 1639 1416 Rom-mot.
1671 1359 1774 1439 Veste

282 1452 491 1518 liemonndi
522 1451 628 1530 sdltuc
655 1454 744 1514 numi
772 1453 870 1537 sliqui
894 1475 969 1538 pre·
1024 1465 1119 1516 stans
1133 1466 1194 1517 etc.
1217 1452 1303 1519 Vide
1320 1472 1436 1515 numos
1447 1453 1616 1536 Smyrnae.
1638 1456 1705 1519 ΑΕ.
1721 1459 1775 1520 111.

224 1568 296 1642 pter
317 1555 415 1618 litem
435 1553 476 1617 sb
494 1554 662 1617 Hsrdnino
690 1554 900 1634 intentatam
926 1559 967 1622 de
1088 1554 1224 1629 Nescio,
1253 1555 1308 1637 qui
1332 1553 1470 1630 fectum,
1498 1570 1532 1618 ut
1554 1559 1643 1620 numi
1667 1557 1701 1619 hi
1725 1559 1775 1621 fu·

224 1658 354 1741 qssegi
376 1678 473 1741 suprs
496 1657 531 1716 in
552 1677 658 1719 numus
673 1677 747 1720 cum
762 1677 894 1721 nomme
912 1661 970 1721 Le
1029 1669 1147 1738 gerent
1177 1656 1340 1716 oculatum
1373 1659 1593 1735 Harduinum,
1637 1682 1774 1743 quorum

225 1763 308 1823 ‚120
1029 1775 1092 1838 ope
1123 1756 1339 1871 comprobare
1368 1760 1482 1842 utique
1504 1759 1601 1822 facile
1631 1775 1776 1857 popermat
1791 1792 1795 1801 ·

338 1853 515 1921 ῙΟΤΛΙΑ.
531 1853 771 1925 mmet.
776 1855 969 1924 ..MHTHP
1015 1857 1155 1919 Liviam
1180 1857 1254 1922 rivo
1273 1858 1378 1921 adhuc
1400 1861 1516 1922 marito
1538 1860 1654 1923 dictam
1674 1861 1775 1925 fuisse

346 1961 456 2038 Caput
476 1961 602 2024 Liuiae.
1029 1961 1218 2041 Augustam,
1232 1961 1305 2042 quis
1325 1960 1516 2023 secabulum
1534 1959 1776 2024 ΣΕΒΑΣΤΟΙ

223 2055 481 2126 ΚΑῙΣΑΡΟΣ.
499 2054 765 2126 ΣΕΒΑΣΤΟΤ.
790 2063 896 2145 Caput
913 2083 971 2125 nu·
1030 2060 1243 2123 multitudinis
1262 2083 1400 2125 numero
1418 2064 1518 2146 ipsum
1538 2066 1634 2128 etium
1649 2054 1775 2128 Livium

221 2167 298 2226 lum
323 2163 395 2227 ΑΕ.
412 2164 466 2222 ttt.
1029 2176 1142 2245 aperte
1185 2166 1423 2248 complectitur.
1474 2168 1518 2228 At
1547 2167 1634 2229 enim
1662 2188 1775 2250 purum
1822 2175 1828 2183 “

282 2264 481 2332 Vsillsntius
513 2263 607 2344 hujus
635 2263 724 2326 numi
751 2264 849 2327 index
876 2279 971 2349 caput
1030 2285 1082 2327 me
1112 2263 1220 2346 judice
1259 2285 1300 2326 ex
1333 2266 1382 2327 his
1414 2269 1518 2329 numis
1549 2283 1599 2331 est
1629 2268 1775 2330 subsidii.

220 2352 461 2433 srersss'ttxit
492 2386 564 2427 esse
595 2367 749 2448 Augusti,
789 2368 970 2453 obtulitque
1029 2366 1112 2428 Sunt
1139 2388 1252 2429 omnes
1286 2368 1457 2431 voluminis
1485 2370 1675 2454 perexigui,
1703 2370 1774 2433 lite·

220 2470 285 2533 boe
326 2481 422 2552 pscto
459 2465 591 2528 ridendi
632 2467 801 2531 Harduinc
844 2491 970 2546 ansam,
1030 2488 1086 2530 rue
1116 2469 1365 2544 minutissimae,
1409 2486 1441 2532 et
1478 2473 1658 2555 pleraeque
1692 2469 1775 2532 adeo

220 2569 330 2656 quud,
349 2589 446 2655 quam
467 2583 600 2632 veteres
622 2568 722 2631 fuisse
739 2571 878 2652 Augusti
896 2573 973 2635 sdo·
1030 2569 1197 2646 emnidse,
1218 2584 1253 2632 ut
1271 2571 1361 2642 iniis
1381 2574 1464 2635 alius
1479 2574 1573 2646 illud,
1591 2574 1671 2636 nlius
1687 2572 1775 2634 uliud

219 2672 335 2759 prinus
351 2670 453 2734 lilisru
471 2669 635 2753 dejerant,
657 2672 720 2753 jam
741 2685 774 2734 et
789 2687 894 2737 mater
912 2688 974 2736 stn-
1032 2673 1129 2755 leget.
1176 2672 1299 2735 Conscr
1321 2673 1497 2736 lectionem
1517 2675 1683 2742 Vsillantii
1702 2694 1776 2737 cum

220 2788 343 2851 tatur,
362 2776 418 2860 qui
435 2773 530 2849 sdeo,
547 2787 583 2835 ut
598 2773 754 2858 judicium
771 2774 973 2839 istud'ccrri·
1031 2774 1174 2837 lectione
1206 2774 1370 2850 Morellii,
1403 2777 1456 2857 qui
1487 2797 1602 2837 numos
1625 2776 1685 2836 hos
1709 2777 1776 2858 ple·

221 2893 336 2962 geret,
351 2876 491 2940 nomine
505 2877 614 2938 Iuliae
630 2876 663 2937 in
681 2879 746 2940 hoc
762 2898 863 2941 nume
883 2878 975 2941 sdse·
1031 2895 1151 2958 rosque
1174 2874 1206 2934 in
1229 2877 1335 2937 numis
1357 2877 1469 2938 Liviae
1492 2878 1562 2938 neri
1584 2877 1704 2939 incisos
1721 2876 1775 2938 sti-

222 2982 268 3043 rit
295 2979 546 3062 intelligendam
574 2977 806 3061 Agrippinum,
840 2980 973 3045 nomine
1032 2976 1079 3039 tis
1116 2978 1278 3060 Equidem
1298 2977 1449 3040 lectionis
1469 2977 1499 3035 in
1525 2975 1575 3037 his
1591 2975 1646 3039 aul
1664 2991 1776 3059 suspe-

224 3085 382 3145 Caesaris
394 3081 574 3162 Csligulsm
597 3082 638 3160 ¹).
661 3079 766 3174 Quem
782 3081 882 3143 multu
896 3081 972 3145 huic
1030 3092 1113 3156 etse,
1136 3093 1190 3141 eut
1214 3079 1324 3162 inique
1351 3078 1612 3162 experimentum
1634 3079 1705 3162 ipse
1728 3078 1776 3141 le·

219 3184 354 3248 obstent
368 3184 569 3255 seutentise,
595 3183 686 3266 piget
702 3183 843 3246 referre.
874 3184 972 3246 Prae·
1028 3183 1071 3251 ci.
1116 3182 1308 3248 Vsillnntius
1332 3181 1363 3240 in
1387 3182 1490 3244 suticu
1516 3181 1606 3241 numi
1630 3182 1655 3245 l.
1681 3178 1777 3244 sdse·

221 3280 973 3360 amsmoem‚s0mentm12nr02.2e
1031 3283 1280 3366 ritinscriptum
1298 3279 1557 3354 mmmm,
1587 3284 1670 3345 nn
1687 3264 1778 3346 iver·

218 3381 414 3450 umor
447 3389 614 3471 pertinere
641 3387 682 3450 sd
700 3387 889 3464 Tiberium,
918 3387 974 3471 qui
1031 3379 1489 3447 ss'r101.2EBn2TttN.
1535 3383 1661 3448 Verum
1680 3384 1713 3444 in
1734 3383 1777 3446 si·

219 3500 256 3555 {t
272 3490 397 3555 Csessr
419 3488 500 3564 suit,
530 3502 564 3554 et
582 3491 764 3573 Augustus,
791 3489 895 3552 literis
910 3488 972 3558 Tt.
1030 3484 1102 3549 mili
1119 3486 1224 3552 musei
1238 3486 1392 3549 Csesarci
1414 3503 1480 3545 non
1494 3479 1779 3556 ΣΕΒΑΣΤΩΝ,

221 3593 431 3659 mumuiuo
453 3594 656 3676 suppressis,
680 3604 733 3654 sut
752 3592 839 3656 torte
858 3611 972 3656 exnu-
1030 3587 1089 3653 sed
1118 3581 1376 3648 ΣΕΒΑΣΤΟΤ
1406 3585 1476 3647 sine
1507 3582 1608 3646 dubio
1642 3584 1779 3666 legitur.

221 3712 277 3760 ιο
293 3695 383 3760 seris
399 3693 515 3756 minuti
529 3693 690 3778 profugis.
1030 3689 1181 3783 Quare
1171 3706 1243 3771 Jure
1266 3706 1386 3770 arguo,
1419 3685 1516 3749 etiam
1544 3687 1577 3746 in
1604 3685 1708 3748 antics
1731 3685 1777 3746 le·

586 3795 605 3830 ⁸
1031 3790 1174 3876 gendum
1199 3781 1470 3852 ΣΕΒΑΣΤΟΣ.
1513 3788 1595 3849 Num
1620 3787 1698 3849 siin
1718 3787 1777 3848 huc

378 3889 575 3958 ΣΕΒΑΣΤ
577 3895 634 3958 01
675 3890 784 3958 MAI*
784 3889 974 3957 ΝΗΤΩΝ
1032 3895 1197 3976 Augustus
1220 3905 1254 3954 et
1269 3890 1361 3952 Lirin
1379 3903 1529 3972 peterent
1552 3888 1617 3951 dici
1638 3884 1781 3950 ΣΕΒΑ-

379 3991 614 4064 ΣῙΠΤΛΟΤ.
635 3998 756 4080 Cupite
770 3997 975 4079 jugatuAu·
1033 3988 1162 4067 ΣΤΟΙ,
1188 3992 1318 4067 nescio,
1343 4012 1401 4055 cur
1422 3993 1454 4053 in
1473 4010 1586 4054 eversu
1602 3991 1716 4072 Csjus,
1746 4003 1780 4051 et
1857 4044 1859 4050 .

377 4103 475 4183 gusti
494 4114 528 4162 ct
546 4100 676 4165 Livius.
1034 4093 1154 4158 Lucius
1180 4113 1243 4155 non
1268 4093 1448 4176 potuissent
1477 4093 1541 4155 dici
1567 4088 1678 4154 'tlon
1703 4085 1781 4150 ΣΕ·

223 4197 336 4268 ΠΟῙ.
355 4195 642 4266 ΣΕΒΑΣΤΩΝ.
672 4212 734 4263 etc.
760 4200 881 4282 Capita
904 4199 977 4275 Caii
1034 4192 1263 4272 ΒΑΣΤΩΝς
1287 4197 1313 4257 si
1333 4198 1419 4258 enim
1439 4196 1473 4257 hi
1490 4192 1665 4279 sdoptione
1684 4191 1779 4254 luere

221 4305 368 4368 «hed
381 4326 419 4367 se
432 4305 657 4383 respicientia.
680 4303 748 4364 ΔΕ.
759 4302 815 4366 111.
825 4298 911 4368 Vide
920 4320 978 4363 uu·
1035 4294 1094 4357 lilii
1118 4297 1272 4380 Augusti,
1297 4298 1432 4361 luerunt
1456 4297 1551 4359 etism
1573 4294 1696 4356 Liviae·
1738 4297 1781 4354 At

221 4403 499 4489 musgnetse
513 4403 647 4489 Lydiae.
764 4426 768 4436 ·
1037 4399 1167 4483 scripsit
1185 4398 1384 4463 monetarius
1400 4390 1674 4468 ΣΒΒΑΣΤΟΤ,
1701 4400 1781 4460 curt

262 4707 294 4775 s)
314 4703 401 4781 Opp.
418 4701 471 4760 sel.
488 4704 590 4781 pauo.

264 4813 366 4896 (rot.
387 4811 467 4892 Vt.)
