4012 5370
872 435 1135 510 nemum.
1704 463 1772 534 q„

289 612 406 683 Alius,
424 608 548 669 similis
559 606 634 667 sed:
652 605 849 667 MATlDIA.
863 605 966 674 AVG.
1025 605 1099 668 iere
1123 604 1211 666 numi
1235 604 1371 684 donent,
1401 630 1422 672 n
1445 631 1523 695 qna,
1551 627 1708 699 quatenu,
1730 620 1773 681 iri

222 725 256 775 et
273 711 369 775 COS.
387 711 445 777 vt.
460 710 529 772 AR.
548 710 646 789 (Mne.
662 709 770 788 Caes.)
1025 719 1144 790 petest,
1159 706 1386 791 indagandum.
1399 712 1592 780 Vaiilantins
1604 739 1648 780 ex
1663 719 1772 786 verbi.

286 815 415 876 Horum
433 833 606 874 nnmerum
622 808 873 892 explicationem
892 820 968 890 pete
1027 809 1189 890 Spartieni
1209 812 1253 890 ¹)t
1290 812 1473 878 Hadrianus
1489 823 1602 880 socrui
1618 841 1699 882 suae
1715 824 1773 883 Irn-

222 937 264 978 ex
292 914 405 998 primis
433 914 616 975 Marcianae
642 911 772 986 nemis,¹
792 923 825 971 et
848 929 892 972 ex
910 910 968 985 iis,
1028 931 1123 972 nores
1141 916 1338 994 praecipuos
1354 919 1514 997 impendit
1533 919 1625 980 ludis
1640 920 1775 1001 gladiu-

221 1036 307 1099 quee
326 1036 422 1096 snpra
441 1014 482 1075 de
498 1014 631 1074 Matidia
647 1025 758 1074 nostra
775 1010 925 1073 diximus.
1023 1014 1138 1085 tortis,
1170 1017 1353 1094 ceterisque
1375 1015 1517 1101 officiis,
1546 1020 1672 1104 arguit,
1701 1041 1775 1085 eam

364 1117 592 1176 MATIDIAE.
608 1115 708 1182 AVG.
734 1114 840 1188 Hujus
855 1124 963 1192 ceput.
1022 1110 1063 1173 ab
1086 1111 1253 1176 Hadriane
1290 1116 1386 1178 divae
1418 1118 1567 1181 bonores
1605 1121 1771 1207 adeptam.

220 1216 572 1283 Phonlnffiav-G.
591 1219 697 1298 Caput
713 1216 876 1278 Plotinae.
893 1214 965 1280 AV.
1023 1212 1194 1290 Sinistra,
1217 1214 1337 1291 eredo,
1361 1217 1566 1299 spartianum
1576 1252 1592 1297 ,·
1607 1224 1695 1306 quod
1719 1248 1771 1288 eu·

222 1320 322 1399 (bins.
339 1320 446 1396 Caes.)
1022 1326 1264 1397 premnm‚‘'ae
1300 1337 1460 1380 summum
1495 1335 1571 1384 erat
1606 1322 1769 1404 officinm,

287 1421 367 1481 Erat
388 1418 536 1483 Plotinae
565 1415 672 1500 gravis
698 1415 781 1479 ratio
798 1415 965 1479 Matidiam
1021 1435 1223 1499 nequaquam
1249 1416 1350 1480 inisse
1387 1419 1679 1488 dissimulaturum:
1727 1429 1773 1489 At

221 1519 427 1583 observandi.
479 1518 600 1580 Effecit
629 1518 685 1579 illa
724 1518 846 1582 artibus
882 1519 965 1595 suis,
1022 1517 1108 1579 enim
1128 1517 1227 1580 viden
1245 1516 1278 1576 in
1296 1537 1460 1586 marmore
1476 1524 1769 1604 lsrntnrnensinm,

219 1638 257 1684 ut
272 1623 470 1697 Hadrianus,
502 1641 598 1704 quem
620 1620 797 1701 impensius
824 1617 964 1693 amabat,
1021 1618 1109 1701 quod
1133 1639 1230 1702 snpra
1255 1618 1408 1699 recitavi,
1438 1624 1591 1711 quodque
1608 1629 1769 1692 Antonini

220 1724 318 1804 bujns
344 1722 431 1785 iilise
448 1720 584 1785 Sabinae
605 1721 763 1795 nuberet,
790 1741 859 1803 que
877 1719 964 1782 iaete
1020 1718 1072 1780 Pii
1096 1733 1202 1783 aetate
1225 1720 1378 1785 Matidiae
1397 1723 1537 1806 junioris
1563 1726 1683 1791 honeri
1712 1751 1772 1814 po·

219 1828 307 1890 viam
335 1826 454 1889 amasio
478 1844 553 1897 sen,
586 1823 640 1906 qni
664 1821 747 1883 aden
768 1842 828 1902 per
854 1822 965 1903 Traja·
1020 1821 1116 1883 situm
1146 1822 1210 1883 init
1236 1823 1406 1888 nondinis
1446 1828 1677 1894 stemmate,
1705 1833 1768 1894 DI-

220 1930 256 1988 ni
284 1926 477 2011 proneptem
494 1926 673 1986 Caesareae
698 1923 808 1985 domni
831 1924 964 2004 conjun-
1022 1921 1122 1989 VAE.
1139 1922 1242 1988 AVG.
1262 1925 1362 1999 Fu...
1393 1927 1454 1990 sed
1477 1941 1620 1992 tantumn
1644 1933 1769 1996 ΜΑΤῙ.

220 2043 295 2092 etus
322 2029 397 2103 init,
437 2027 478 2091 ad
506 2026 714 2108 adoptionem
745 2024 869 2090 stravit.
912 2026 964 2085 En
1021 2024 1139 2087 DiAE.
1177 2025 1279 2094 AVG.
1304 2027 1393 2091 em.
1434 2028 1550 2123 ¹Quare
1580 2032 1769 2097 simertnn

221 2131 430 2215 praeeipuam
468 2149 594 2189 causam
631 2146 750 2200 nexus,
790 2125 845 2208 qni
879 2125 967 2188 inter
1022 2120 1086 2207 jam
1106 2137 1201 2202 'tum‚'
1231 2141 1269 2189 et
1295 2145 1483 2194 consecrata
1512 2130 1628 2196 inisset
1659 2137 1772 2197 senior

221 2247 393 2314 utramque
418 2231 571 2292 feminam
590 2229 792 2304 intercessit,
821 2240 855 2290 et
868 2248 966 2311 quem
1025 2226 1175 2303 Matidia,
1207 2241 1272 2290 tam
1301 2251 1415 2311 parum
1435 2233 1576 2295 emissus
1599 2234 1715 2298 saintet
1737 2236 1772 2297 in

222 2354 379 2416 praesens
413 2353 529 2393 numus
565 2330 744 2394 confirmat.
788 2331 967 2412 Vtramque
1026 2328 1086 2392 bac
1120 2329 1236 2391 titulus
1268 2331 1423 2409 DIVAE,
1454 2355 1551 2416 qnam
1583 2357 1697 2418 parum
1736 2338 1772 2398 in

224 2437 323 2496 etiam
360 2435 563 2516 conjunctam
602 2431 685 2494 inira
722 2431 755 2490 in
794 2431 968 2512 Mytilenen
1027 2429 1145 2492 eedem
1175 2451 1338 2494 marmore
1360 2433 1500 2496 omissus
1520 2433 1692 2519 initiante
1715 2457 1772 2500 no·

223 2557 323 2599 numo
344 2536 555 2597 intuebimur.
1026 2532 1113 2593 mina
1128 2533 1311 2595 Maeuianae
1326 2535 1447 2611 matris,
1468 2549 1502 2597 et
1516 2536 1655 2602 Sabinae
1671 2539 1770 2602 filiae·

364 2633 841 2702 MATIDIA.AVG.B1VAE.
858 2634 968 2695 ΗΑΒ·
1026 2631 1167 2695 Videtnt·
1187 2652 1272 2714 ergo
1290 2648 1456 2716 protracta
1478 2636 1512 2696 in
1531 2638 1635 2698 Lxx.
1656 2639 1773 2704 saltem

365 2740 536 2799 ClANAE.
554 2739 591 2797 F.
616 2738 724 2812 Hujus
742 2746 851 2815 ceput.
1025 2751 1126 2795 annes
1145 2747 1250 2796 aetate
1275 2733 1335 2795 sub
1362 2733 1530 2799 Antonine
1559 2752 1703 2816 mortua,
1737 2755 1773 2803 et

224 2840 391 2901 PIETAS.
414 2840 603 2906 AVGVST.
633 2837 968 2898 Mulierstanst'nter
1024 2833 1146 2898 abhoc
1166 2833 1361 2900 interdiva's
1384 2834 1497 2901 relate.
1542 2839 1668 2906 Verum
1687 2861 1770 2923 qnae

223 2943 472 3021 duosinfnntcs.
488 2943 558 3007 AV.
571 2940 639 3000 Ali.
654 2937 732 2998 item
743 2937 810 2995 ΑΕ.
821 2937 846 2998 1.
858 2933 967 2996 addito
1024 2934 1079 2998 bie
1097 2934 1244 3018 disputo,
1275 2949 1344 3000 tum
1367 2935 1473 3000 solum
1491 2938 1659 3016 valebunt,
1693 2960 1771 3004 cunr

224 3046 258 3105 S.
278 3044 315 3105 C.
336 3043 435 3122 (Sunt
451 3063 563 3104 omnes
581 3042 614 3100 in
638 3059 750 3099 museo
773 3037 963 3117 Caesareo.)
1027 3036 1098 3121 quis
1115 3038 1271 3102 Hadriani
1283 3060 1438 3116 numum,
1454 3058 1553 3123 quem
1569 3060 1772 3106 mexteeun-

370 3132 494 3205 Eadem
515 3146 664 3204 aduersa.
1026 3136 1070 3202 do
1091 3139 1168 3202 lnce
1188 3140 1376 3221 subjiciam,
1407 3154 1443 3204 et
1469 3141 1525 3225 qui
1550 3157 1774 3208 consecratam

226 3246 393 3309 PiE'l'AS.
419 3249 454 3306 in
474 3246 560 3305 alio:
588 3240 757 3302 PIETAS.
778 3236 968 3306 AVGVST.
1026 3239 1068 3302 ab
1084 3239 1147 3303 hee
1165 3242 1331 3306 Matidiam
1350 3239 1557 3316 testificatur,
1575 3245 1664 3327 inter
1681 3245 1771 3310 adnl-

227 3350 355 3408 Mnlier
384 3361 478 3407 stans
502 3358 642 3419 utreque
676 3361 776 3399 mnne
806 3343 969 3423 infantem
1026 3340 1151 3404 terinos
1168 3344 1440 3428 voletsblegare.

222 3463 346 3530 gestat.
369 3448 437 3510 AR.
458 3444 570 3526 (vain.
588 3442 697 3505 libell.
712 3440 840 3522 Suppi.)
1167 3445 1287 3510 DlVA.
1319 3440 1542 3514 AVGVS'I'A.
1565 3444 1770 3510 MATfflIA.

288 3551 415 3610 Horum
443 3566 615 3610 numerum
647 3542 898 3625 explicationem
927 3561 969 3605 ex
1168 3545 1278 3620 Hujus
1301 3558 1411 3627 eaput.

222 3650 527 3716 Mareianaennmis
548 3666 688 3711 arcesse.
1025 3643 1334 3709 CONSECRATO·
1377 3646 1510 3728 Aquita
1545 3657 1649 3710 stans.
1699 3646 1789 3715 AV.⁸

365 3754 491 3814 Eadem
513 3754 660 3813 adversa.
1027 3747 1127 3826 (Mus.
1143 3747 1254 3828 Caes.)

218 3853 391 3920 emtas,
409 3853 510 3916 AVG.
539 3852 666 3912 dielier
685 3852 728 3911 nd
742 3848 902 3927 tripodem
917 3868 969 3908 su·
1089 3849 1142 3908 En
1164 3848 1381 3938 certissimum
1398 3870 1447 3914 -ex
1469 3850 1570 3913 siren
1590 3850 1654 3914 boe
1671 3869 1772 3914 mmo

218 3954 387 4038 cristanus.
426 3956 496 4019 AY.
520 3954 591 4017 nn.
622 3952 734 4032 (tritt.
753 3948 863 4013 tthall.
888 3945 969 4008 Sub·
1024 3949 1178 4012 Matidiae
1200 3963 1409 4015 consecratae
1429 3951 1661 4017 testimonium.
1703 3951 1771 4016 Sed

218 4057 339 4142 piem.)
1021 4049 1096 4129 ejus
1114 4051 1305 4131 memoriam
1323 4051 1641 4121 communiendam
1664 4054 1771 4136 pium-

1024 4151 1113 4215 bum.
1156 4152 1238 4214 Nam
1267 4151 1347 4217 tube
1373 4154 1470 4238 bajus
1497 4153 1621 4218 metelli
1641 4155 1768 4220 Romae

414 4242 528 4304 Diva
572 4237 617 4299 M
623 4250 663 4299 αἱ
672 4239 732 4300 “d‘'
740 4258 772 4300 α*
1023 4264 1160 4336 reperte
1179 4252 1320 4334 Sponins
1337 4253 1529 4342 inscriptum
1547 4254 1644 4340 legit:
1661 4256 1771 4318 tert-

287 4360 455 4424 Matidiam
490 4360 591 4422 inisse
618 4368 863 4442 nannetum,
904 4351 969 4417 seli
1032 4352 1426 4438 monitantem.

260 4678 292 4727 πὶ
313 4674 346 4731 In
363 4673 452 4726 liade.
530 4671 561 4739 b*
585 4668 709 4725 miscell.
729 4689 756 4741 p.
770 4679 812 4729 55.
